@article{PhysRevB.96.144432,
  title = {Machine learning of frustrated classical spin models. I. Principal component analysis},
  author = {Wang, Ce and Zhai, Hui},
  journal = {Phys. Rev. B},
  volume = {96},
  issue = {14},
  pages = {144432},
  numpages = {7},
  year = {2017},
  month = {Oct},
  publisher = {American Physical Society},
  doi = {10.1103/PhysRevB.96.144432},
  url = {https://link.aps.org/doi/10.1103/PhysRevB.96.144432}
}

@article{PhysRevD.94.112002,
  title = {Jet flavor classification in high-energy physics with deep neural networks},
  author = {Guest, Daniel and Collado, Julian and Baldi, Pierre and Hsu, Shih-Chieh and Urban, Gregor and Whiteson, Daniel},
  journal = {Phys. Rev. D},
  volume = {94},
  issue = {11},
  pages = {112002},
  numpages = {12},
  year = {2016},
  month = {Dec},
  publisher = {American Physical Society},
  doi = {10.1103/PhysRevD.94.112002},
  url = {https://link.aps.org/doi/10.1103/PhysRevD.94.112002}
}

@article{PhysRevA.96.042113,
  title = {Deep learning and the Schr\"odinger equation},
  author = {Mills, Kyle and Spanner, Michael and Tamblyn, Isaac},
  journal = {Phys. Rev. A},
  volume = {96},
  issue = {4},
  pages = {042113},
  numpages = {9},
  year = {2017},
  month = {Oct},
  publisher = {American Physical Society},
  doi = {10.1103/PhysRevA.96.042113},
  url = {https://link.aps.org/doi/10.1103/PhysRevA.96.042113}
}

@ARTICLE{2017arXiv170300670S,
    author = {{Song}, Huichao and {Zhou}, You and {Gajdosova}, Katarina},
    title = "{Collective flow and hydrodynamics in large and small systems at the LHC}",
    journal = {arXiv e-prints},
    keywords = {Nuclear Theory, High Energy Physics - Phenomenology, Nuclear Experiment},
    year = "2017",
    month = "Mar",
    eid = {arXiv:1703.00670},
    pages = {arXiv:1703.00670},
    archivePrefix = {arXiv},
    eprint = {1703.00670},
    primaryClass = {nucl-th},
    adsurl = {https://ui.adsabs.harvard.edu/abs/2017arXiv170300670S},
    adsnote = {Provided by the SAO/NASA Astrophysics Data System}
}

@PHDTHESIS{2013PhDT........31Q,
       author = {{Qiu}, Zhi},
        title = "{Event-by-event Hydrodynamic Simulations for Relativistic Heavy-ion Collisions}",
     keywords = {Physics, Elementary Particles and High Energy, Nuclear Theory, Nuclear Experiment},
       school = {The Ohio State University},
         year = "2013",
        month = "Jan",
       adsurl = {https://ui.adsabs.harvard.edu/abs/2013PhDT........31Q},
      adsnote = {Provided by the SAO/NASA Astrophysics Data System}
}

@ARTICLE{2010LanB...23..240H,
       author = {{Heinz}, Ulrich},
        title = "{Early Collective Expansion: Relativistic Hydrodynamics and the Transport Properties of QCD Matter}",
      journal = {Landolt B\&ouml;rnstein},
     keywords = {heavy ion collision, quantum chromodynamics, Standard Model, quark-gluon plasma, confinement-deconfinement transition, phase diagram, equation-of-state, relativistic hydrodynamics, ideal fluid, viscous fluid, transport property, Navier-Stokes theory, Glauber model, color glass condensate, fireball, elliptic flow, viscosity, Nuclear Theory},
         year = "2010",
        month = "Jan",
       volume = {23},
        pages = {240},
          doi = {10.1007/978-3-642-01539-7_9},
archivePrefix = {arXiv},
       eprint = {0901.4355},
 primaryClass = {nucl-th},
       adsurl = {https://ui.adsabs.harvard.edu/abs/2010LanB...23..240H},
      adsnote = {Provided by the SAO/NASA Astrophysics Data System}
}

@article{PhysRevC.58.1671,
  title = {Methods for analyzing anisotropic flow in relativistic nuclear collisions},
  author = {Poskanzer, A. M. and Voloshin, S. A.},
  journal = {Phys. Rev. C},
  volume = {58},
  issue = {3},
  pages = {1671--1678},
  numpages = {0},
  year = {1998},
  month = {Sep},
  publisher = {American Physical Society},
  doi = {10.1103/PhysRevC.58.1671},
  url = {https://link.aps.org/doi/10.1103/PhysRevC.58.1671}
}

@article{PhysRevC.96.024908,
  title = {Measurements of long-range azimuthal anisotropies and associated Fourier coefficients for $pp$ collisions at $\sqrt{s}=5.02$ and 13 TeV and $p+\text{Pb}$ collisions at $\sqrt{{s}_{\mathrm{NN}}}=5.02$ TeV with the ATLAS detector},
  author = {Aaboud, M. and Aad, G. and Abbott, B. and et al},
  collaboration = {ATLAS Collaboration},
  journal = {Phys. Rev. C},
  volume = {96},
  issue = {2},
  pages = {024908},
  numpages = {37},
  year = {2017},
  month = {Aug},
  publisher = {American Physical Society},
  doi = {10.1103/PhysRevC.96.024908},
  url = {https://link.aps.org/doi/10.1103/PhysRevC.96.024908}
}


@article{PhysRevLett.116.172302,
  title = {Measurement of Long-Range Near-Side Two-Particle Angular Correlations in $pp$ Collisions at $\sqrt{s}=13\text{ }\text{ }\mathrm{TeV}$},
  author = {Khachatryan, V. and Sirunyan, A. M. and Tumasyan, A. and Adam, W. and et al},
  collaboration = {CMS Collaboration},
  journal = {Phys. Rev. Lett.},
  volume = {116},
  issue = {17},
  pages = {172302},
  numpages = {19},
  year = {2016},
  month = {Apr},
  publisher = {American Physical Society},
  doi = {10.1103/PhysRevLett.116.172302},
  url = {https://link.aps.org/doi/10.1103/PhysRevLett.116.172302}
}

@article{PhysRevC.89.064910,
  title = {Relics of minijets amid anisotropic flows in high-energy heavy-ion collisions},
  author = {Pang, Longgang and Wang, Qun and Wang, Xin-Nian},
  journal = {Phys. Rev. C},
  volume = {89},
  issue = {6},
  pages = {064910},
  numpages = {18},
  year = {2014},
  month = {Jun},
  publisher = {American Physical Society},
  doi = {10.1103/PhysRevC.89.064910},
  url = {https://link.aps.org/doi/10.1103/PhysRevC.89.064910}
}

@article{PhysRevC.72.064901,
  title = {Multiphase transport model for relativistic heavy ion collisions},
  author = {Lin, Zi-Wei and Ko, Che Ming and Li, Bao-An and Zhang, Bin and Pal, Subrata},
  journal = {Phys. Rev. C},
  volume = {72},
  issue = {6},
  pages = {064901},
  numpages = {29},
  year = {2005},
  month = {Dec},
  publisher = {American Physical Society},
  doi = {10.1103/PhysRevC.72.064901},
  url = {https://link.aps.org/doi/10.1103/PhysRevC.72.064901}
}

@article{PhysRevD.44.3501,
  title = {hijing: A Monte Carlo model for multiple jet production in $\mathrm{pp}$, $\mathrm{pA}$, and $\mathrm{AA}$ collisions},
  author = {Wang, Xin-Nian and Gyulassy, Miklos},
  journal = {Phys. Rev. D},
  volume = {44},
  issue = {11},
  pages = {3501--3516},
  numpages = {0},
  year = {1991},
  month = {Dec},
  publisher = {American Physical Society},
  doi = {10.1103/PhysRevD.44.3501},
  url = {https://link.aps.org/doi/10.1103/PhysRevD.44.3501}
}
