@article{PhysRevB.96.144432,
  title = {Machine learning of frustrated classical spin models. I. Principal component analysis},
  author = {Wang, Ce and Zhai, Hui},
  journal = {Phys. Rev. B},
  volume = {96},
  issue = {14},
  pages = {144432},
  numpages = {7},
  year = {2017},
  month = {Oct},
  publisher = {American Physical Society},
  doi = {10.1103/PhysRevB.96.144432},
  url = {https://link.aps.org/doi/10.1103/PhysRevB.96.144432}
}

@Article{Khachatryan2016,
author="{The CMS collaboration}
and Khachatryan, V.
and Sirunyan, A. M.
and Tumasyan, A.
and Adam, W.
and Asilar, E.
and Bergauer, T.
and Brandstetter, J.
and Brondolin, E.
and Dragicevic, M.
and Er{\"o}, J.
and Flechl, M.
and Friedl, M.
and Fr{\"u}hwirth, R.
and Ghete, V. M.
and Hartl, C.
and H{\"o}rmann, N.
and Hrubec, J.
and Jeitler, M.
and Kn{\"u}nz, V.
and K{\"o}nig, A.
and Krammer, M.
and Kr{\"a}tschmer, I.
and Liko, D.
and Matsushita, T.
and Mikulec, I.
and Rabady, D.
and Rad, N.
and Rahbaran, B.
and Rohringer, H.
and Schieck, J.
and Sch{\"o}fbeck, R.
and Strauss, J.
and Treberer-Treberspurg, W.
and Waltenberger, W.
and Wulz, C.-E.
and Mossolov, V.
and Shumeiko, N.
and Suarez Gonzalez, J.
and Alderweireldt, S.
and Cornelis, T.
and De Wolf, E. A.
and Janssen, X.
and Knutsson, A.
and Lauwers, J.
and Luyckx, S.
and Van De Klundert, M.
and Van Haevermaet, H.
and Van Mechelen, P.
and Van Remortel, N.
and Van Spilbeeck, A.
and Abu Zeid, S.
and Blekman, F.
and D'Hondt, J.
and Daci, N.
and De Bruyn, I.
and Deroover, K.
and Heracleous, N.
and Keaveney, J.
and Lowette, S.
and Moreels, L.
and Olbrechts, A.
and Python, Q.
and Strom, D.
and Tavernier, S.
and Van Doninck, W.
and Van Mulders, P.
and Van Onsem, G. P.
and Van Parijs, I.
and Barria, P.
and Brun, H.
and Caillol, C.
and Clerbaux, B.
and De Lentdecker, G.
and Fasanella, G.
and Favart, L.
and Goldouzian, R.
and Grebenyuk, A.
and Karapostoli, G.
and Lenzi, T.
and L{\'e}onard, A.
and Maerschalk, T.
and Marinov, A.
and Perni{\`e}, L.
and Randle-conde, A.
and Seva, T.
and Vander Velde, C.
and Vanlaer, P.
and Yonamine, R.
and Zenoni, F.
and Zhang, F.
and Beernaert, K.
and Benucci, L.
and Cimmino, A.
and Crucy, S.
and Dobur, D.
and Fagot, A.
and Garcia, G.
and Gul, M.
and Mccartin, J.
and Ocampo Rios, A. A.
and Poyraz, D.
and Ryckbosch, D.
and Salva, S.
and Sigamani, M.
and Tytgat, M.
and Van Driessche, W.
and Yazgan, E.
and Zaganidis, N.
and Basegmez, S.
and Beluffi, C.
and Bondu, O.
and Brochet, S.
and Bruno, G.
and Caudron, A.
and Ceard, L.
and Delaere, C.
and Favart, D.
and Forthomme, L.
and Giammanco, A.
and Jafari, A.
and Jez, P.
and Komm, M.
and Lemaitre, V.
and Mertens, A.
and Musich, M.
and Nuttens, C.
and Perrini, L.
and Piotrzkowski, K.
and Popov, A.
and Quertenmont, L.
and Selvaggi, M.
and Vidal Marono, M.
and Beliy, N.
and Hammad, G. H.
and Ald{\'a} J{\'u}nior, W. L.
and Alves, F. L.
and Alves, G. A.
and Brito, L.
and Correa Martins Junior, M.
and Hamer, M.
and Hensel, C.
and Moraes, A.
and Pol, M. E.
and Rebello Teles, P.
and Belchior Batista Das Chagas, E.
and Carvalho, W.
and Chinellato, J.
and Cust{\'o}dio, A.
and Da Costa, E. M.
and De Jesus Damiao, D.
and De Oliveira Martins, C.
and Fonseca De Souza, S.
and Huertas Guativa, L. M.
and Malbouisson, H.
and Matos Figueiredo, D.
and Mora Herrera, C.
and Mundim, L.
and Nogima, H.
and Prado Da Silva, W. L.
and Santoro, A.
and Sznajder, A.
and Tonelli Manganote, E. J.
and Vilela Pereira, A.
and Ahuja, S.
and Bernardes, C. A.
and De Souza Santos, A.
and Dogra, S.
and Fernandez Perez Tomei, T. R.
and Gregores, E. M.
and Mercadante, P. G.
and Moon, C. S.
and Novaes, S. F.
and Padula, Sandra S.
and Romero Abad, D.
and Ruiz Vargas, J. C.
and Aleksandrov, A.
and Hadjiiska, R.
and Iaydjiev, P.
and Rodozov, M.
and Stoykova, S.
and Sultanov, G.
and Vutova, M.
and Dimitrov, A.
and Glushkov, I.
and Litov, L.
and Pavlov, B.
and Petkov, P.
and Ahmad, M.
and Bian, J. G.
and Chen, G. M.
and Chen, H. S.
and Chen, M.
and Cheng, T.
and Du, R.
and Jiang, C. H.
and Leggat, D.
and Plestina, R.
and Romeo, F.
and Shaheen, S. M.
and Spiezia, A.
and Tao, J.
and Wang, C.
and Wang, Z.
and Zhang, H.
and Asawatangtrakuldee, C.
and Ban, Y.
and Li, Q.
and Liu, S.
and Mao, Y.
and Qian, S. J.
and Wang, D.
and Xu, Z.
and Avila, C.
and Cabrera, A.
and Chaparro Sierra, L. F.
and Florez, C.
and Gomez, J. P.
and Gomez Moreno, B.
and Sanabria, J. C.
and Godinovic, N.
and Lelas, D.
and Puljak, I.
and Ribeiro Cipriano, P. M.
and Antunovic, Z.
and Kovac, M.
and Brigljevic, V.
and Kadija, K.
and Luetic, J.
and Micanovic, S.
and Sudic, L.
and Attikis, A.
and Mavromanolakis, G.
and Mousa, J.
and Nicolaou, C.
and Ptochos, F.
and Razis, P. A.
and Rykaczewski, H.
and Bodlak, M.
and Finger, M.
and Finger, M.
and Abdelalim, A. A.
and Awad, A.
and Mahrous, A.
and Radi, A.
and Calpas, B.
and Kadastik, M.
and Murumaa, M.
and Raidal, M.
and Tiko, A.
and Veelken, C.
and Eerola, P.
and Pekkanen, J.
and Voutilainen, M.
and H{\"a}rk{\"o}nen, J.
and Karim{\"a}ki, V.
and Kinnunen, R.
and Lamp{\'e}n, T.
and Lassila-Perini, K.
and Lehti, S.
and Lind{\'e}n, T.
and Luukka, P.
and Peltola, T.
and Tuominen, E.
and Tuominiemi, J.
and Tuovinen, E.
and Wendland, L.
and Talvitie, J.
and Tuuva, T.
and Besancon, M.
and Couderc, F.
and Dejardin, M.
and Denegri, D.
and Fabbro, B.
and Faure, J. L.
and Favaro, C.
and Ferri, F.
and Ganjour, S.
and Givernaud, A.
and Gras, P.
and Hamel de Monchenault, G.
and Jarry, P.
and Locci, E.
and Machet, M.
and Malcles, J.
and Rander, J.
and Rosowsky, A.
and Titov, M.
and Zghiche, A.
and Antropov, I.
and Baffioni, S.
and Beaudette, F.
and Busson, P.
and Cadamuro, L.
and Chapon, E.
and Charlot, C.
and Davignon, O.
and Filipovic, N.
and Granier de Cassagnac, R.
and Jo, M.",
title="Correlations between jets and charged particles in PbPb and pp collisions at sNN=2.76{\$}{\$} {\backslash}sqrt{\{}s{\_}{\{}{\backslash}mathrm{\{}NN{\}}{\}}{\}}=2.76 {\$}{\$}TeV",
journal="Journal of High Energy Physics",
year="2016",
month="Feb",
day="23",
volume="2016",
number="2",
pages="156",
abstract="The quark-gluon plasma is studied via medium-induced changes to correlations between jets and charged particles in PbPb collisions compared to pp reference data. This analysis uses data sets from PbPb and pp collisions with integrated luminosities of 166 $\mu$b−1 and 5.3 pb−1, respectively, collected at sNN=2.76{\$}{\$} {\backslash}sqrt{\{}s{\_}{\{}{\backslash}mathrm{\{}NN{\}}{\}}{\}}=2.76 {\$}{\$}TeV. The angular distributions of charged particles are studied as a function of relative pseudorapidity ($\Delta$$\eta$) and relative azimuthal angle ($\Delta$ϕ) with respect to reconstructed jet directions. Charged particles are correlated with all jets with transverse momentum (pT) above 120 GeV, and with the leading and subleading jets (the highest and second-highest in pT, respectively) in a selection of back-to-back dijet events. Modifications in PbPb data relative to pp reference data are characterized as a function of PbPb collision centrality and charged particle pT. A centrality-dependent excess of low-pT particles is present for all jets studied, and is most pronounced in the most central events. This excess of low-pT particles follows a Gaussian-like distribution around the jet axis, and extends to large relative angles of $\Delta$$\eta$ ≈ 1 and $\Delta$ϕ ≈ 1.",
issn="1029-8479",
doi="10.1007/JHEP02(2016)156",
url="https://doi.org/10.1007/JHEP02(2016)156"
}

@Article{Sirunyan2018,
author="{The CMS collaboration}
and Sirunyan, A. M.
and Tumasyan, A.
and Adam, W.
and Ambrogi, F.
and Asilar, E.
and Bergauer, T.
and Brandstetter, J.
and Brondolin, E.
and Dragicevic, M.
and Er{\"o}, J.
and Escalante Del Valle, A.
and Flechl, M.
and Friedl, M.
and Fr{\"u}hwirth, R.
and Ghete, V. M.
and Hrubec, J.
and Jeitler, M.
and Krammer, N.
and Kr{\"a}tschmer, I.
and Liko, D.
and Madlener, T.
and Mikulec, I.
and Rad, N.
and Rohringer, H.
and Schieck, J.
and Sch{\"o}fbeck, R.
and Spanring, M.
and Spitzbart, D.
and Taurok, A.
and Waltenberger, W.
and Wittmann, J.
and Wulz, C.-E.
and Zarucki, M.
and Chekhovsky, V.
and Mossolov, V.
and Suarez Gonzalez, J.
and De Wolf, E. A.
and Di Croce, D.
and Janssen, X.
and Lauwers, J.
and Pieters, M.
and Van De Klundert, M.
and Van Haevermaet, H.
and Van Mechelen, P.
and Van Remortel, N.
and Abu Zeid, S.
and Blekman, F.
and D'Hondt, J.
and De Bruyn, I.
and De Clercq, J.
and Deroover, K.
and Flouris, G.
and Lontkovskyi, D.
and Lowette, S.
and Marchesini, I.
and Moortgat, S.
and Moreels, L.
and Python, Q.
and Skovpen, K.
and Tavernier, S.
and Van Doninck, W.
and Van Mulders, P.
and Van Parijs, I.
and Beghin, D.
and Bilin, B.
and Brun, H.
and Clerbaux, B.
and De Lentdecker, G.
and Delannoy, H.
and Dorney, B.
and Fasanella, G.
and Favart, L.
and Goldouzian, R.
and Grebenyuk, A.
and Kalsi, A. K.
and Lenzi, T.
and Luetic, J.
and Seva, T.
and Starling, E.
and Vander Velde, C.
and Vanlaer, P.
and Vannerom, D.
and Yonamine, R.
and Cornelis, T.
and Dobur, D.
and Fagot, A.
and Gul, M.
and Khvastunov, I.
and Poyraz, D.
and Roskas, C.
and Trocino, D.
and Tytgat, M.
and Verbeke, W.
and Vermassen, B.
and Vit, M.
and Zaganidis, N.
and Bakhshiansohi, H.
and Bondu, O.
and Brochet, S.
and Bruno, G.
and Caputo, C.
and Caudron, A.
and David, P.
and De Visscher, S.
and Delaere, C.
and Delcourt, M.
and Francois, B.
and Giammanco, A.
and Krintiras, G.
and Lemaitre, V.
and Magitteri, A.
and Mertens, A.
and Musich, M.
and Piotrzkowski, K.
and Quertenmont, L.
and Saggio, A.
and Vidal Marono, M.
and Wertz, S.
and Zobec, J.
and Ald{\'a} J{\'u}nior, W. L.
and Alves, F. L.
and Alves, G. A.
and Brito, L.
and Correia Silva, G.
and Hensel, C.
and Moraes, A.
and Pol, M. E.
and Rebello Teles, P.
and Belchior Batista Das Chagas, E.
and Carvalho, W.
and Chinellato, J.
and Coelho, E.
and Da Costa, E. M.
and Da Silveira, G. G.
and De Jesus Damiao, D.
and Fonseca De Souza, S.
and Malbouisson, H.
and Medina Jaime, M.
and Melo De Almeida, M.
and Mora Herrera, C.
and Mundim, L.
and Nogima, H.
and Sanchez Rosas, L. J.
and Santoro, A.
and Sznajder, A.
and Thiel, M.
and Tonelli Manganote, E. J.
and Torres Da Silva De Araujo, F.
and Vilela Pereira, A.
and Ahuja, S.
and Bernardes, C. A.
and Calligaris, L.
and Fernandez Perez Tomei, T. R.
and Gregores, E. M.
and Mercadante, P. G.
and Novaes, S. F.
and Padula, Sandra S.
and Romero Abad, D.
and Ruiz Vargas, J. C.
and Aleksandrov, A.
and Hadjiiska, R.
and Iaydjiev, P.
and Marinov, A.
and Misheva, M.
and Rodozov, M.
and Shopova, M.
and Sultanov, G.
and Dimitrov, A.
and Litov, L.
and Pavlov, B.
and Petkov, P.
and Fang, W.
and Gao, X.
and Yuan, L.
and Ahmad, M.
and Bian, J. G.
and Chen, G. M.
and Chen, H. S.
and Chen, M.
and Chen, Y.
and Jiang, C. H.
and Leggat, D.
and Liao, H.
and Liu, Z.
and Romeo, F.
and Shaheen, S. M.
and Spiezia, A.
and Tao, J.
and Wang, C.
and Wang, Z.
and Yazgan, E.
and Zhang, H.
and Zhao, J.
and Ban, Y.
and Chen, G.
and Li, J.
and Li, Q.
and Liu, S.
and Mao, Y.
and Qian, S. J.
and Wang, D.
and Xu, Z.
and Wang, Y.
and Avila, C.
and Cabrera, A.
and Carrillo Montoya, C. A.
and Chaparro Sierra, L. F.
and Florez, C.
and Gonz{\'a}lez Hern{\'a}ndez, C. F.
and Segura Delgado, M. A.
and Courbon, B.
and Godinovic, N.
and Lelas, D.
and Puljak, I.
and Sculac, T.
and Antunovic, Z.
and Kovac, M.
and Brigljevic, V.
and Ferencek, D.
and Kadija, K.
and Mesic, B.
and Starodumov, A.
and Susa, T.
and Ather, M. W.
and Attikis, A.
and Mavromanolakis, G.
and Mousa, J.
and Nicolaou, C.
and Ptochos, F.
and Razis, P. A.
and Rykaczewski, H.
and Finger, M.
and Finger, M.
and Carrera Jarrin, E.
and Ellithi Kamel, A.
and Mahmoud, M. A.
and Mohammed, Y.
and Bhowmik, S.
and Dewanjee, R. K.
and Kadastik, M.
and Perrini, L.
and Raidal, M.
and Veelken, C.
and Eerola, P.
and Kirschenmann, H.
and Pekkanen, J.
and Voutilainen, M.
and Havukainen, J.
and Heikkil{\"a}, J. K.
and J{\"a}rvinen, T.
and Karim{\"a}ki, V.
and Kinnunen, R.
and Lamp{\'e}n, T.
and Lassila-Perini, K.
and Laurila, S.
and Lehti, S.
and Lind{\'e}n, T.
and Luukka, P.
and M{\"a}enp{\"a}{\"a}, T.
and Siikonen, H.
and Tuominen, E.
and Tuominiemi, J.
and Tuuva, T.
and Besancon, M.
and Couderc, F.
and Dejardin, M.
and Denegri, D.
and Faure, J. L.
and Ferri, F.
and Ganjour, S.
and Ghosh, S.
and Givernaud, A.
and Gras, P.
and Hamel de Monchenault, G.
and Jarry, P.
and Leloup, C.
and Locci, E.
and Machet, M.
and Malcles, J.
and Negro, G.
and Rander, J.
and Rosowsky, A.
and Sahin, M. {\"O}.
and Titov, M.
and Abdulsalam, A.
and Amendola, C.
and Antropov, I.
and Baffioni, S.
and Beaudette, F.
and Busson, P.
and Cadamuro, L.
and Charlot, C.
and Granier de Cassagnac, R.
and Jo, M.
and Kucher, I.
and Lisniak, S.
and Lobanov, A.
and Martin Blanco, J.
and Nguyen, M.",
title="Jet properties in PbPb and pp collisions at sNN=5.02{\$}{\$} {\backslash}sqrt{\{}s{\_}{\{}{\backslash}mathrm{\{}N{\}}{\backslash};{\backslash}mathrm{\{}N{\}}{\}}{\}}=5.02 {\$}{\$}TeV",
journal="Journal of High Energy Physics",
year="2018",
month="May",
day="02",
volume="2018",
number="5",
pages="6",
abstract="Modifications of the properties of jets in PbPb collisions, relative to those in pp collisions, are studied at a nucleon-nucleon center-of-mass energy of sNN=5.02{\$}{\$} {\backslash}sqrt{\{}s{\_}{\{}{\backslash}mathrm{\{}N{\}}{\backslash};{\backslash}mathrm{\{}N{\}}{\}}{\}}=5.02 {\$}{\$}TeV via correlations of charged particles with the jet axis in relative pseudorapidity ($\Delta$$\eta$), relative azimuth ($\Delta$ϕ), and relative angular distance from the jet axis $\Delta$r=$\Delta$$\eta$2+$\Delta$ϕ2{\$}{\$} {\backslash}varDelta {\backslash}mathrm{\{}r{\}}={\backslash}sqrt{\{}{\{}{\backslash}left({\backslash}varDelta {\backslash}eta {\backslash}right){\}}^2+{\{}{\backslash}left({\backslash}varDelta {\backslash}phi {\backslash}right){\}}^2{\}} {\$}{\$}. This analysis uses data collected with the CMS detector at the LHC, corresponding to integrated luminosities of 404 $\mu$b−1 and 27.4 pb−1 for PbPb and pp collisions, respectively. Charged particle number densities, jet fragmentation functions, and jet shapes are presented as a function of PbPb collision centrality and charged-particle track transverse momentum, providing a differential description of jet modifications due to interactions with the quark-gluon plasma.",
issn="1029-8479",
doi="10.1007/JHEP05(2018)006",
url="https://doi.org/10.1007/JHEP05(2018)006"
}

@ARTICLE{2010LanB...23..240H,
       author = {{Heinz}, Ulrich},
        title = "{Early Collective Expansion: Relativistic Hydrodynamics and the Transport Properties of QCD Matter}",
      journal = {Landolt B\&ouml;rnstein},
     keywords = {heavy ion collision, quantum chromodynamics, Standard Model, quark-gluon plasma, confinement-deconfinement transition, phase diagram, equation-of-state, relativistic hydrodynamics, ideal fluid, viscous fluid, transport property, Navier-Stokes theory, Glauber model, color glass condensate, fireball, elliptic flow, viscosity, Nuclear Theory},
         year = "2010",
        month = "Jan",
       volume = {23},
        pages = {240},
          doi = {10.1007/978-3-642-01539-7_9},
archivePrefix = {arXiv},
       eprint = {0901.4355},
 primaryClass = {nucl-th},
       adsurl = {https://ui.adsabs.harvard.edu/abs/2010LanB...23..240H},
      adsnote = {Provided by the SAO/NASA Astrophysics Data System}
}

@PHDTHESIS{2013PhDT........31Q,
       author = {{Qiu}, Zhi},
        title = "{Event-by-event Hydrodynamic Simulations for Relativistic Heavy-ion Collisions}",
     keywords = {Physics, Elementary Particles and High Energy, Nuclear Theory, Nuclear Experiment},
       school = {The Ohio State University},
         year = "2013",
        month = "Jan",
       adsurl = {https://ui.adsabs.harvard.edu/abs/2013PhDT........31Q},
      adsnote = {Provided by the SAO/NASA Astrophysics Data System}
}

@ARTICLE{2017arXiv170300670S,
       author = {{Song}, Huichao and {Zhou}, You and {Gajdosova}, Katarina},
        title = "{Collective flow and hydrodynamics in large and small systems at the LHC}",
      journal = {arXiv e-prints},
     keywords = {Nuclear Theory, High Energy Physics - Phenomenology, Nuclear Experiment},
         year = "2017",
        month = "Mar",
          eid = {arXiv:1703.00670},
        pages = {arXiv:1703.00670},
archivePrefix = {arXiv},
       eprint = {1703.00670},
 primaryClass = {nucl-th},
       adsurl = {https://ui.adsabs.harvard.edu/abs/2017arXiv170300670S},
      adsnote = {Provided by the SAO/NASA Astrophysics Data System}
}

@article{PhysRevA.96.042113,
  title = {Deep learning and the Schr\"odinger equation},
  author = {Mills, Kyle and Spanner, Michael and Tamblyn, Isaac},
  journal = {Phys. Rev. A},
  volume = {96},
  issue = {4},
  pages = {042113},
  numpages = {9},
  year = {2017},
  month = {Oct},
  publisher = {American Physical Society},
  doi = {10.1103/PhysRevA.96.042113},
  url = {https://link.aps.org/doi/10.1103/PhysRevA.96.042113}
}

@article{PhysRevC.58.1671,
  title = {Methods for analyzing anisotropic flow in relativistic nuclear collisions},
  author = {Poskanzer, A. M. and Voloshin, S. A.},
  journal = {Phys. Rev. C},
  volume = {58},
  issue = {3},
  pages = {1671--1678},
  numpages = {0},
  year = {1998},
  month = {Sep},
  publisher = {American Physical Society},
  doi = {10.1103/PhysRevC.58.1671},
  url = {https://link.aps.org/doi/10.1103/PhysRevC.58.1671}
}

@article{PhysRevC.72.064901,
  title = {Multiphase transport model for relativistic heavy ion collisions},
  author = {Lin, Zi-Wei and Ko, Che Ming and Li, Bao-An and Zhang, Bin and Pal, Subrata},
  journal = {Phys. Rev. C},
  volume = {72},
  issue = {6},
  pages = {064901},
  numpages = {29},
  year = {2005},
  month = {Dec},
  publisher = {American Physical Society},
  doi = {10.1103/PhysRevC.72.064901},
  url = {https://link.aps.org/doi/10.1103/PhysRevC.72.064901}
}

@article{PhysRevC.96.024908,
  title = {Measurements of long-range azimuthal anisotropies and associated Fourier coefficients for $pp$ collisions at $\sqrt{s}=5.02$ and 13 TeV and $p+\text{Pb}$ collisions at $\sqrt{{s}_{\mathrm{NN}}}=5.02$ TeV with the ATLAS detector},
  author = {Aaboud, M. and Aad, G. and Abbott, B. and Abdallah, J. and Abdinov, O. and Abeloos, B. and AbouZeid, O. S. and Abraham, N. L. and Abramowicz, H. and Abreu, H. and Abreu, R. and Abulaiti, Y. and Acharya, B. S. and Adachi, S. and Adamczyk, L. and Adams, D. L. and Adelman, J. and Adomeit, S. and Adye, T. and Affolder, A. A. and Agatonovic-Jovin, T. and Aguilar-Saavedra, J. A. and Ahlen, S. P. and Ahmadov, F. and Aielli, G. and Akerstedt, H. and \AA{}kesson, T. P. A. and Akimov, A. V. and Alberghi, G. L. and Albert, J. and Albrand, S. and Alconada Verzini, M. J. and Aleksa, M. and Aleksandrov, I. N. and Alexa, C. and Alexander, G. and Alexopoulos, T. and Alhroob, M. and Ali, B. and Aliev, M. and Alimonti, G. and Alison, J. and Alkire, S. P. and Allbrooke, B. M. M. and Allen, B. W. and Allport, P. P. and Aloisio, A. and Alonso, A. and Alonso, F. and Alpigiani, C. and Alshehri, A. A. and Alstaty, M. and Alvarez Gonzalez, B. and \'Alvarez Piqueras, D. and Alviggi, M. G. and Amadio, B. T. and Amaral Coutinho, Y. and Amelung, C. and Amidei, D. and Amor Dos Santos, S. P. and Amorim, A. and Amoroso, S. and Amundsen, G. and Anastopoulos, C. and Ancu, L. S. and Andari, N. and Andeen, T. and Anders, C. F. and Anders, J. K. and Anderson, K. J. and Andreazza, A. and Andrei, V. and Angelidakis, S. and Angelozzi, I. and Angerami, A. and Anghinolfi, F. and Anisenkov, A. V. and Anjos, N. and Annovi, A. and Antel, C. and Antonelli, M. and Antonov, A. and Antrim, D. J. and Anulli, F. and Aoki, M. and Aperio Bella, L. and Arabidze, G. and Arai, Y. and Araque, J. P. and Arce, A. T. H. and Arduh, F. A. and Arguin, J-F. and Argyropoulos, S. and Arik, M. and Armbruster, A. J. and Armitage, L. J. and Arnaez, O. and Arnold, H. and Arratia, M. and Arslan, O. and Artamonov, A. and Artoni, G. and Artz, S. and Asai, S. and Asbah, N. and Ashkenazi, A. and \AA{}sman, B. and Asquith, L. and Assamagan, K. and Astalos, R. and Atkinson, M. and Atlay, N. B. and Augsten, K. and Avolio, G. and Axen, B. and Ayoub, M. K. and Azuelos, G. and Baak, M. A. and Baas, A. E. and Baca, M. J. and Bachacou, H. and Bachas, K. and Backes, M. and Backhaus, M. and Bagiacchi, P. and Bagnaia, P. and Bai, Y. and Baines, J. T. and Bajic, M. and Baker, O. K. and Baldin, E. M. and Balek, P. and Balestri, T. and Balli, F. and Balunas, W. K. and Banas, E. and Banerjee, Sw. and Bannoura, A. A. E. and Barak, L. and Barberio, E. L. and Barberis, D. and Barbero, M. and Barillari, T. and Barisits, M-S and Barklow, T. and Barlow, N. and Barnes, S. L. and Barnett, B. M. and Barnett, R. M. and Barnovska-Blenessy, Z. and Baroncelli, A. and Barone, G. and Barr, A. J. and Barranco Navarro, L. and Barreiro, F. and Barreiro Guimar\~aes da Costa, J. and Bartoldus, R. and Barton, A. E. and Bartos, P. and Basalaev, A. and Bassalat, A. and Bates, R. L. and Batista, S. J. and Batley, J. R. and Battaglia, M. and Bauce, M. and Bauer, F. and Bawa, H. S. and Beacham, J. B. and Beattie, M. D. and Beau, T. and Beauchemin, P. H. and Bechtle, P. and Beck, H. P. and Becker, K. and Becker, M. and Beckingham, M. and Becot, C. and Beddall, A. J. and Beddall, A. and Bednyakov, V. A. and Bedognetti, M. and Bee, C. P. and Beemster, L. J. and Beermann, T. A. and Begel, M. and Behr, J. K. and Bell, A. S. and Bella, G. and Bellagamba, L. and Bellerive, A. and Bellomo, M. and Belotskiy, K. and Beltramello, O. and Belyaev, N. L. and Benary, O. and Benchekroun, D. and Bender, M. and Bendtz, K. and Benekos, N. and Benhammou, Y. and Benhar Noccioli, E. and Benitez, J. and Benjamin, D. P. and Bensinger, J. R. and Bentvelsen, S. and Beresford, L. and Beretta, M. and Berge, D. and Bergeaas Kuutmann, E. and Berger, N. and Beringer, J. and Berlendis, S. and Bernard, N. R. and Bernius, C. and Bernlochner, F. U. and Berry, T. and Berta, P. and Bertella, C. and Bertoli, G. and Bertolucci, F. and Bertram, I. A. and Bertsche, C. and Bertsche, D. and Besjes, G. J. and Bessidskaia Bylund, O. and Bessner, M. and Besson, N. and Betancourt, C. and Bethani, A. and Bethke, S. and Bevan, A. J. and Bianchi, R. M. and Bianco, M. and Biebel, O. and Biedermann, D. and Bielski, R. and Biesuz, N. V. and Biglietti, M. and Bilbao De Mendizabal, J. and Billoud, T. R. V. and Bilokon, H. and Bindi, M. and Binet, S. and Bingul, A. and Bini, C. and Biondi, S. and Bisanz, T. and Bjergaard, D. M. and Black, C. W. and Black, J. E. and Black, K. M. and Blackburn, D. and Blair, R. E. and Blazek, T. and Bloch, I. and Blocker, C. and Blue, A. and Blum, W. and Blumenschein, U. and Blunier, S. and Bobbink, G. J. and Bobrovnikov, V. S. and Bocchetta, S. S. and Bocci, A. and Bock, C. and Boehler, M. and Boerner, D. and Bogaerts, J. A. and Bogavac, D. and Bogdanchikov, A. G. and Bohm, C. and Boisvert, V. and Bokan, P. and Bold, T. and Boldyrev, A. S. and Bomben, M. and Bona, M. and Boonekamp, M. and Borisov, A. and Borissov, G. and Bortfeldt, J. and Bortoletto, D. and Bortolotto, V. and Bos, K. and Boscherini, D. and Bosman, M. and Bossio Sola, J. D. and Boudreau, J. and Bouffard, J. and Bouhova-Thacker, E. V. and Boumediene, D. and Bourdarios, C. and Boutle, S. K. and Boveia, A. and Boyd, J. and Boyko, I. R. and Bracinik, J. and Brandt, A. and Brandt, G. and Brandt, O. and Bratzler, U. and Brau, B. and Brau, J. E. and Breaden Madden, W. D. and Brendlinger, K. and Brennan, A. J. and Brenner, L. and Brenner, R. and Bressler, S. and Bristow, T. M. and Britton, D. and Britzger, D. and Brochu, F. M. and Brock, I. and Brock, R. and Brooijmans, G. and Brooks, T. and Brooks, W. K. and Brosamer, J. and Brost, E. and Broughton, J. H and Bruckman de Renstrom, P. A. and Bruncko, D. and Bruneliere, R. and Bruni, A. and Bruni, G. and Bruni, L. S. and Brunt, BH and Bruschi, M. and Bruscino, N. and Bryant, P. and Bryngemark, L. and Buanes, T. and Buat, Q. and Buchholz, P. and Buckley, A. G. and Budagov, I. A. and Buehrer, F. and Bugge, M. K. and Bulekov, O. and Bullock, D. and Burckhart, H. and Burdin, S. and Burgard, C. D. and Burger, A. M. and Burghgrave, B. and Burka, K. and Burke, S. and Burmeister, I. and Burr, J. T. P. and Busato, E. and B\"uscher, D. and B\"uscher, V. and Bussey, P. and Butler, J. M. and Buttar, C. M. and Butterworth, J. M. and Butti, P. and Buttinger, W. and Buzatu, A. and Buzykaev, A. R. and Cabrera Urb\'an, S. and Caforio, D. and Cairo, V. M. and Cakir, O. and Calace, N. and Calafiura, P. and Calandri, A. and Calderini, G. and Calfayan, P. and Callea, G. and Caloba, L. P. and Calvente Lopez, S. and Calvet, D. and Calvet, S. and Calvet, T. P. and Camacho Toro, R. and Camarda, S. and Camarri, P. and Cameron, D. and Caminal Armadans, R. and Camincher, C. and Campana, S. and Campanelli, M. and Camplani, A. and Campoverde, A. and Canale, V. and Canepa, A. and Cano Bret, M. and Cantero, J. and Cao, T. and Capeans Garrido, M. D. M. and Caprini, I. and Caprini, M. and Capua, M. and Carbone, R. M. and Cardarelli, R. and Cardillo, F. and Carli, I. and Carli, T. and Carlino, G. and Carminati, L. and Carney, R. M. D. and Caron, S. and Carquin, E. and Carrillo-Montoya, G. D. and Carter, J. R. and Carvalho, J. and Casadei, D. and Casado, M. P. and Casolino, M. and Casper, D. W. and Castaneda-Miranda, E. and Castelijn, R. and Castelli, A. and Castillo Gimenez, V. and Castro, N. F. and Catinaccio, A. and Catmore, J. R. and Cattai, A. and Caudron, J. and Cavaliere, V. and Cavallaro, E. and Cavalli, D. and Cavalli-Sforza, M. and Cavasinni, V. and Ceradini, F. and Cerda Alberich, L. and Cerqueira, A. S. and Cerri, A. and Cerrito, L. and Cerutti, F. and Cervelli, A. and Cetin, S. A. and Chafaq, A. and Chakraborty, D. and Chan, S. K. and Chan, Y. L. and Chang, P. and Chapman, J. D. and Charlton, D. G. and Chatterjee, A. and Chau, C. C. and Chavez Barajas, C. A. and Che, S. and Cheatham, S. and Chegwidden, A. and Chekanov, S. and Chekulaev, S. V. and Chelkov, G. A. and Chelstowska, M. A. and Chen, C. and Chen, H. and Chen, S. and Chen, S. and Chen, X. and Chen, Y. and Cheng, H. C. and Cheng, H. J and Cheng, Y. and Cheplakov, A. and Cheremushkina, E. and Cherkaoui El Moursli, R. and Chernyatin, V. and Cheu, E. and Chevalier, L. and Chiarella, V. and Chiarelli, G. and Chiodini, G. and Chisholm, A. S. and Chitan, A. and Chizhov, M. V. and Choi, K. and Chomont, A. R. and Chouridou, S. and Chow, B. K. B. and Christodoulou, V. and Chromek-Burckhart, D. and Chudoba, J. and Chuinard, A. J. and Chwastowski, J. J. and Chytka, L. and Ciapetti, G. and Ciftci, A. K. and Cinca, D. and Cindro, V. and Cioara, I. A. and Ciocca, C. and Ciocio, A. and Cirotto, F. and Citron, Z. H. and Citterio, M. and Ciubancan, M. and Clark, A. and Clark, B. L. and Clark, M. R. and Clark, P. J. and Clarke, R. N. and Clement, C. and Coadou, Y. and Cobal, M. and Coccaro, A. and Cochran, J. and Colasurdo, L. and Cole, B. and Colijn, A. P. and Collot, J. and Colombo, T. and Conde Mui\~no, P. and Coniavitis, E. and Connell, S. H. and Connelly, I. A. and Consorti, V. and Constantinescu, S. and Conti, G. and Conventi, F. and Cooke, M. and Cooper, B. D. and Cooper-Sarkar, A. M. and Cormier, F. and Cormier, K. J. R. and Cornelissen, T. and Corradi, M. and Corriveau, F. and Cortes-Gonzalez, A. and Cortiana, G. and Costa, G. and Costa, M. J. and Costanzo, D. and Cottin, G. and Cowan, G. and Cox, B. E. and Cranmer, K. and Crawley, S. J. and Cree, G. and Cr\'ep\'e-Renaudin, S. and Crescioli, F. and Cribbs, W. A. and Crispin Ortuzar, M. and Cristinziani, M. and Croft, V. and Crosetti, G. and Cueto, A. and Cuhadar Donszelmann, T. and Cummings, J. and Curatolo, M. and C\'uth, J. and Czirr, H. and Czodrowski, P. and D'amen, G. and D'Auria, S. and D'Onofrio, M. and Da Cunha Sargedas De Sousa, M. J. and Da Via, C. and Dabrowski, W. and Dado, T. and Dai, T. and Dale, O. and Dallaire, F. and Dallapiccola, C. and Dam, M. and Dandoy, J. R. and Dang, N. P. and Daniells, A. C. and Dann, N. S. and Danninger, M. and Dano Hoffmann, M. and Dao, V. and Darbo, G. and Darmora, S. and Dassoulas, J. and Dattagupta, A. and Davey, W. and David, C. and Davidek, T. and Davies, M. and Davison, P. and Dawe, E. and Dawson, I. and De, K. and de Asmundis, R. and De Benedetti, A. and De Castro, S. and De Cecco, S. and De Groot, N. and de Jong, P. and De la Torre, H. and De Lorenzi, F. and De Maria, A. and De Pedis, D. and De Salvo, A. and De Sanctis, U. and De Santo, A. and De Vivie De Regie, J. B. and Dearnaley, W. J. and Debbe, R. and Debenedetti, C. and Dedovich, D. V. and Dehghanian, N. and Deigaard, I. and Del Gaudio, M. and Del Peso, J. and Del Prete, T. and Delgove, D. and Deliot, F. and Delitzsch, C. M. and Dell'Acqua, A. and Dell'Asta, L. and Dell'Orso, M. and Della Pietra, M. and della Volpe, D. and Delmastro, M. and Delsart, P. A. and DeMarco, D. A. and Demers, S. and Demichev, M. and Demilly, A. and Denisov, S. P. and Denysiuk, D. and Derendarz, D. and Derkaoui, J. E. and Derue, F. and Dervan, P. and Desch, K. and Deterre, C. and Dette, K. and Deviveiros, P. O. and Dewhurst, A. and Dhaliwal, S. and Di Ciaccio, A. and Di Ciaccio, L. and Di Clemente, W. K. and Di Donato, C. and Di Girolamo, A. and Di Girolamo, B. and Di Micco, B. and Di Nardo, R. and Di Petrillo, K. F. and Di Simone, A. and Di Sipio, R. and Di Valentino, D. and Diaconu, C. and Diamond, M. and Dias, F. A. and Diaz, M. A. and Diehl, E. B. and Dietrich, J. and D\'{\i}ez Cornell, S. and Dimitrievska, A. and Dingfelder, J. and Dita, P. and Dita, S. and Dittus, F. and Djama, F. and Djobava, T. and Djuvsland, J. I. and do Vale, M. A. B. and Dobos, D. and Dobre, M. and Doglioni, C. and Dolejsi, J. and Dolezal, Z. and Donadelli, M. and Donati, S. and Dondero, P. and Donini, J. and Dopke, J. and Doria, A. and Dova, M. T. and Doyle, A. T. and Drechsler, E. and Dris, M. and Du, Y. and Duarte-Campderros, J. and Duchovni, E. and Duckeck, G. and Ducu, O. A. and Duda, D. and Dudarev, A. and Dudder, A. Chr. and Duffield, E. M. and Duflot, L. and D\"uhrssen, M. and Dumancic, M. and Duncan, A. K. and Dunford, M. and Duran Yildiz, H. and D\"uren, M. and Durglishvili, A. and Duschinger, D. and Dutta, B. and Dyndal, M. and Eckardt, C. and Ecker, K. M. and Edgar, R. C. and Edwards, N. C. and Eifert, T. and Eigen, G. and Einsweiler, K. and Ekelof, T. and El Kacimi, M. and Ellajosyula, V. and Ellert, M. and Elles, S. and Ellinghaus, F. and Elliot, A. A. and Ellis, N. and Elmsheuser, J. and Elsing, M. and Emeliyanov, D. and Enari, Y. and Endner, O. C. and Ennis, J. S. and Erdmann, J. and Ereditato, A. and Ernis, G. and Ernst, J. and Ernst, M. and Errede, S. and Ertel, E. and Escalier, M. and Esch, H. and Escobar, C. and Esposito, B. and Etienvre, A. I. and Etzion, E. and Evans, H. and Ezhilov, A. and Ezzi, M. and Fabbri, F. and Fabbri, L. and Facini, G. and Fakhrutdinov, R. M. and Falciano, S. and Falla, R. J. and Faltova, J. and Fang, Y. and Fanti, M. and Farbin, A. and Farilla, A. and Farina, C. and Farina, E. M. and Farooque, T. and Farrell, S. and Farrington, S. M. and Farthouat, P. and Fassi, F. and Fassnacht, P. and Fassouliotis, D. and Faucci Giannelli, M. and Favareto, A. and Fawcett, W. J. and Fayard, L. and Fedin, O. L. and Fedorko, W. and Feigl, S. and Feligioni, L. and Feng, C. and Feng, E. J. and Feng, H. and Fenyuk, A. B. and Feremenga, L. and Fernandez Martinez, P. and Fernandez Perez, S. and Ferrando, J. and Ferrari, A. and Ferrari, P. and Ferrari, R. and Ferreira de Lima, D. E. and Ferrer, A. and Ferrere, D. and Ferretti, C. and Fiedler, F. and Filip\ifmmode \check{c}\else \v{c}\fi{}i\ifmmode \check{c}\else \v{c}\fi{}, A. and Filipuzzi, M. and Filthaut, F. and Fincke-Keeler, M. and Finelli, K. D. and Fiolhais, M. C. N. and Fiorini, L. and Fischer, A. and Fischer, C. and Fischer, J. and Fisher, W. C. and Flaschel, N. and Fleck, I. and Fleischmann, P. and Fletcher, G. T. and Fletcher, R. R. M. and Flick, T. and Flierl, B. M. and Flores Castillo, L. R. and Flowerdew, M. J. and Forcolin, G. T. and Formica, A. and Forti, A. and Foster, A. G. and Fournier, D. and Fox, H. and Fracchia, S. and Francavilla, P. and Franchini, M. and Francis, D. and Franconi, L. and Franklin, M. and Frate, M. and Fraternali, M. and Freeborn, D. and Fressard-Batraneanu, S. M. and Friedrich, F. and Froidevaux, D. and Frost, J. A. and Fukunaga, C. and Fullana Torregrosa, E. and Fusayasu, T. and Fuster, J. and Gabaldon, C. and Gabizon, O. and Gabrielli, A. and Gabrielli, A. and Gach, G. P. and Gadatsch, S. and Gagliardi, G. and Gagnon, L. G. and Gagnon, P. and Galea, C. and Galhardo, B. and Gallas, E. J. and Gallop, B. J. and Gallus, P. and Galster, G. and Gan, K. K. and Ganguly, S. and Gao, J. and Gao, Y. and Gao, Y. S. and Garay Walls, F. M. and Garc\'{\i}a, C. and Garc\'{\i}a Navarro, J. E. and Garcia-Sciveres, M. and Gardner, R. W. and Garelli, N. and Garonne, V. and Gascon Bravo, A. and Gasnikova, K. and Gatti, C. and Gaudiello, A. and Gaudio, G. and Gauthier, L. and Gavrilenko, I. L. and Gay, C. and Gaycken, G. and Gazis, E. N. and Gecse, Z. and Gee, C. N. P. and Geich-Gimbel, Ch. and Geisen, M. and Geisler, M. P. and Gellerstedt, K. and Gemme, C. and Genest, M. H. and Geng, C. and Gentile, S. and Gentsos, C. and George, S. and Gerbaudo, D. and Gershon, A. and Ghasemi, S. and Ghneimat, M. and Giacobbe, B. and Giagu, S. and Giannetti, P. and Gibson, S. M. and Gignac, M. and Gilchriese, M. and Gillam, T. P. S. and Gillberg, D. and Gilles, G. and Gingrich, D. M. and Giokaris, N. and Giordani, M. P. and Giorgi, F. M. and Giraud, P. F. and Giromini, P. and Giugni, D. and Giuli, F. and Giuliani, C. and Giulini, M. and Gjelsten, B. K. and Gkaitatzis, S. and Gkialas, I. and Gkougkousis, E. L. and Gladilin, L. K. and Glasman, C. and Glatzer, J. and Glaysher, P. C. F. and Glazov, A. and Goblirsch-Kolb, M. and Godlewski, J. and Goldfarb, S. and Golling, T. and Golubkov, D. and Gomes, A. and Gon\ifmmode \mbox{\c{c}}\else \c{c}\fi{}alo, R. and Goncalves Pinto Firmino Da Costa, J. and Gonella, G. and Gonella, L. and Gongadze, A. and Gonz\'alez de la Hoz, S. and Gonzalez-Sevilla, S. and Goossens, L. and Gorbounov, P. A. and Gordon, H. A. and Gorelov, I. and Gorini, B. and Gorini, E. and Gori\ifmmode \check{s}\else \v{s}\fi{}ek, A. and Goshaw, A. T. and G\"ossling, C. and Gostkin, M. I. and Goudet, C. R. and Goujdami, D. and Goussiou, A. G. and Govender, N. and Gozani, E. and Graber, L. and Grabowska-Bold, I. and Gradin, P. O. J. and Grafstr\"om, P. and Gramling, J. and Gramstad, E. and Grancagnolo, S. and Gratchev, V. and Gravila, P. M. and Gray, H. M. and Graziani, E. and Greenwood, Z. D. and Grefe, C. and Gregersen, K. and Gregor, I. M. and Grenier, P. and Grevtsov, K. and Griffiths, J. and Grillo, A. A. and Grimm, K. and Grinstein, S. and Gris, Ph. and Grivaz, J.-F. and Groh, S. and Gross, E. and Grosse-Knetter, J. and Grossi, G. C. and Grout, Z. J. and Guan, L. and Guan, W. and Guenther, J. and Guescini, F. and Guest, D. and Gueta, O. and Gui, B. and Guido, E. and Guillemin, T. and Guindon, S. and Gul, U. and Gumpert, C. and Guo, J. and Guo, W. and Guo, Y. and Gupta, R. and Gupta, S. and Gustavino, G. and Gutierrez, P. and Gutierrez Ortiz, N. G. and Gutschow, C. and Guyot, C. and Gwenlan, C. and Gwilliam, C. B. and Haas, A. and Haber, C. and Hadavand, H. K. and Haddad, N. and Hadef, A. and Hageb\"ock, S. and Hagihara, M. and Hakobyan, H. and Haleem, M. and Haley, J. and Halladjian, G. and Hallewell, G. D. and Hamacher, K. and Hamal, P. and Hamano, K. and Hamilton, A. and Hamity, G. N. and Hamnett, P. G. and Han, L. and Hanagaki, K. and Hanawa, K. and Hance, M. and Haney, B. and Hanke, P. and Hanna, R. and Hansen, J. B. and Hansen, J. D. and Hansen, M. C. and Hansen, P. H. and Hara, K. and Hard, A. S. and Harenberg, T. and Hariri, F. and Harkusha, S. and Harrington, R. D. and Harrison, P. F. and Hartjes, F. and Hartmann, N. M. and Hasegawa, M. and Hasegawa, Y. and Hasib, A. and Hassani, S. and Haug, S. and Hauser, R. and Hauswald, L. and Havranek, M. and Hawkes, C. M. and Hawkings, R. J. and Hayakawa, D. and Hayden, D. and Hays, C. P. and Hays, J. M. and Hayward, H. S. and Haywood, S. J. and Head, S. J. and Heck, T. and Hedberg, V. and Heelan, L. and Heim, S. and Heim, T. and Heinemann, B. and Heinrich, J. J. and Heinrich, L. and Heinz, C. and Hejbal, J. and Helary, L. and Hellman, S. and Helsens, C. and Henderson, J. and Henderson, R. C. W. and Heng, Y. and Henkelmann, S. and Henriques Correia, A. M. and Henrot-Versille, S. and Herbert, G. H. and Herde, H. and Herget, V. and Hern\'andez Jim\'enez, Y. and Herten, G. and Hertenberger, R. and Hervas, L. and Hesketh, G. G. and Hessey, N. P. and Hetherly, J. W. and Hig\'on-Rodriguez, E. and Hill, E. and Hill, J. C. and Hiller, K. H. and Hillier, S. J. and Hinchliffe, I. and Hines, E. and Hirose, M. and Hirschbuehl, D. and Hobbs, J. and Hod, N. and Hodgkinson, M. C. and Hodgson, P. and Hoecker, A. and Hoeferkamp, M. R. and Hoenig, F. and Hohn, D. and Holmes, T. R. and Homann, M. and Honda, T. and Hong, T. M. and Hooberman, B. H. and Hopkins, W. H. and Horii, Y. and Horton, A. J. and Hostachy, J-Y. and Hou, S. and Hoummada, A. and Howarth, J. and Hoya, J. and Hrabovsky, M. and Hristova, I. and Hrivnac, J. and Hryn'ova, T. and Hrynevich, A. and Hsu, P. J. and Hsu, S.-C. and Hu, Q. and Hu, S. and Huang, Y. and Hubacek, Z. and Hubaut, F. and Huegging, F. and Huffman, T. B. and Hughes, E. W. and Hughes, G. and Huhtinen, M. and Huo, P. and Huseynov, N. and Huston, J. and Huth, J. and Iacobucci, G. and Iakovidis, G. and Ibragimov, I. and Iconomidou-Fayard, L. and Ideal, E. and Idrissi, Z. and Iengo, P. and Igonkina, O. and Iizawa, T. and Ikegami, Y. and Ikeno, M. and Ilchenko, Y. and Iliadis, D. and Ilic, N. and Introzzi, G. and Ioannou, P. and Iodice, M. and Iordanidou, K. and Ippolito, V. and Ishijima, N. and Ishino, M. and Ishitsuka, M. and Issever, C. and Istin, S. and Ito, F. and Iturbe Ponce, J. M. and Iuppa, R. and Iwasaki, H. and Izen, J. M. and Izzo, V. and Jabbar, S. and Jackson, B. and Jackson, P. and Jain, V. and Jakobi, K. B. and Jakobs, K. and Jakobsen, S. and Jakoubek, T. and Jamin, D. O. and Jana, D. K. and Jansky, R. and Janssen, J. and Janus, M. and Janus, P. A. and Jarlskog, G. and Javadov, N. and Jav\ifmmode \mathring{u}\else \r{u}\fi{}rek, T. and Jeanneau, F. and Jeanty, L. and Jejelava, J. and Jeng, G.-Y. and Jenni, P. and Jeske, C. and J\'ez\'equel, S. and Ji, H. and Jia, J. and Jiang, H. and Jiang, Y. and Jiang, Z. and Jiggins, S. and Jimenez Pena, J. and Jin, S. and Jinaru, A. and Jinnouchi, O. and Jivan, H. and Johansson, P. and Johns, K. A. and Johnson, W. J. and Jon-And, K. and Jones, G. and Jones, R. W. L. and Jones, S. and Jones, T. J. and Jongmanns, J. and Jorge, P. M. and Jovicevic, J. and Ju, X. and Juste Rozas, A. and K\"ohler, M. K. and Kaczmarska, A. and Kado, M. and Kagan, H. and Kagan, M. and Kahn, S. J. and Kaji, T. and Kajomovitz, E. and Kalderon, C. W. and Kaluza, A. and Kama, S. and Kamenshchikov, A. and Kanaya, N. and Kaneti, S. and Kanjir, L. and Kantserov, V. A. and Kanzaki, J. and Kaplan, B. and Kaplan, L. S. and Kapliy, A. and Kar, D. and Karakostas, K. and Karamaoun, A. and Karastathis, N. and Kareem, M. J. and Karentzos, E. and Karnevskiy, M. and Karpov, S. N. and Karpova, Z. M. and Karthik, K. and Kartvelishvili, V. and Karyukhin, A. N. and Kasahara, K. and Kashif, L. and Kass, R. D. and Kastanas, A. and Kataoka, Y. and Kato, C. and Katre, A. and Katzy, J. and Kawade, K. and Kawagoe, K. and Kawamoto, T. and Kawamura, G. and Kazanin, V. F. and Keeler, R. and Kehoe, R. and Keller, J. S. and Kempster, J. J. and Keoshkerian, H. and Kepka, O. and Ker\ifmmode \check{s}\else \v{s}\fi{}evan, B. P. and Kersten, S. and Keyes, R. A. and Khader, M. and Khalil-zada, F. and Khanov, A. and Kharlamov, A. G. and Kharlamova, T. and Khoo, T. J. and Khovanskiy, V. and Khramov, E. and Khubua, J. and Kido, S. and Kilby, C. R. and Kim, H. Y. and Kim, S. H. and Kim, Y. K. and Kimura, N. and Kind, O. M. and King, B. T. and King, M. and Kirk, J. and Kiryunin, A. E. and Kishimoto, T. and Kisielewska, D. and Kiss, F. and Kiuchi, K. and Kivernyk, O. and Kladiva, E. and Klein, M. H. and Klein, M. and Klein, U. and Kleinknecht, K. and Klimek, P. and Klimentov, A. and Klingenberg, R. and Klioutchnikova, T. and Kluge, E.-E. and Kluit, P. and Kluth, S. and Knapik, J. and Kneringer, E. and Knoops, E. B. F. G. and Knue, A. and Kobayashi, A. and Kobayashi, D. and Kobayashi, T. and Kobel, M. and Kocian, M. and Kodys, P. and Koehler, N. M. and Koffas, T. and Koffeman, E. and Koi, T. and Kolanoski, H. and Kolb, M. and Koletsou, I. and Komar, A. A. and Komori, Y. and Kondo, T. and Kondrashova, N. and K\"oneke, K. and K\"onig, A. C. and Kono, T. and Konoplich, R. and Konstantinidis, N. and Kopeliansky, R. and Koperny, S. and Kopp, A. K. and Korcyl, K. and Kordas, K. and Korn, A. and Korol, A. A. and Korolkov, I. and Korolkova, E. V. and Kortner, O. and Kortner, S. and Kosek, T. and Kostyukhin, V. V. and Kotwal, A. and Koulouris, A. and Kourkoumeli-Charalampidi, A. and Kourkoumelis, C. and Kouskoura, V. and Kowalewska, A. B. and Kowalewski, R. and Kowalski, T. Z. and Kozakai, C. and Kozanecki, W. and Kozhin, A. S. and Kramarenko, V. A. and Kramberger, G. and Krasnopevtsev, D. and Krasny, M. W. and Krasznahorkay, A. and Kravchenko, A. and Kretz, M. and Kretzschmar, J. and Kreutzfeldt, K. and Krieger, P. and Krizka, K. and Kroeninger, K. and Kroha, H. and Kroll, J. and Kroseberg, J. and Krstic, J. and Kruchonak, U. and Kr\"uger, H. and Krumnack, N. and Kruse, M. C. and Kruskal, M. and Kubota, T. and Kucuk, H. and Kuday, S. and Kuechler, J. T. and Kuehn, S. and Kugel, A. and Kuger, F. and Kuhl, T. and Kukhtin, V. and Kukla, R. and Kulchitsky, Y. and Kuleshov, S. and Kuna, M. and Kunigo, T. and Kupco, A. and Kurashige, H. and Kurchaninov, L. L. and Kurochkin, Y. A. and Kurth, M. G. and Kus, V. and Kuwertz, E. S. and Kuze, M. and Kvita, J. and Kwan, T. and Kyriazopoulos, D. and La Rosa, A. and La Rosa Navarro, J. L. and La Rotonda, L. and Lacasta, C. and Lacava, F. and Lacey, J. and Lacker, H. and Lacour, D. and Ladygin, E. and Lafaye, R. and Laforge, B. and Lagouri, T. and Lai, S. and Lammers, S. and Lampl, W. and Lan\ifmmode \mbox{\c{c}}\else \c{c}\fi{}on, E. and Landgraf, U. and Landon, M. P. J. and Lanfermann, M. C. and Lang, V. S. and Lange, J. C. and Lankford, A. J. and Lanni, F. and Lantzsch, K. and Lanza, A. and Laplace, S. and Lapoire, C. and Laporte, J. F. and Lari, T. and Lasagni Manghi, F. and Lassnig, M. and Laurelli, P. and Lavrijsen, W. and Law, A. T. and Laycock, P. and Lazovich, T. and Lazzaroni, M. and Le, B. and Le Dortz, O. and Le Guirriec, E. and Le Quilleuc, E. P. and LeBlanc, M. and LeCompte, T. and Ledroit-Guillon, F. and Lee, C. A. and Lee, S. C. and Lee, L. and Lefebvre, B. and Lefebvre, G. and Lefebvre, M. and Legger, F. and Leggett, C. and Lehan, A. and Lehmann Miotto, G. and Lei, X. and Leight, W. A. and Leister, A. G. and Leite, M. A. L. and Leitner, R. and Lellouch, D. and Lemmer, B. and Leney, K. J. C. and Lenz, T. and Lenzi, B. and Leone, R. and Leone, S. and Leonidopoulos, C. and Leontsinis, S. and Lerner, G. and Leroy, C. and Lesage, A. A. J. and Lester, C. G. and Levchenko, M. and Lev\^eque, J. and Levin, D. and Levinson, L. J. and Levy, M. and Lewis, D. and Leyton, M. and Li, B. and Li, C. and Li, H. and Li, L. and Li, L. and Li, Q. and Li, S. and Li, X. and Li, Y. and Liang, Z. and Liberti, B. and Liblong, A. and Lichard, P. and Lie, K. and Liebal, J. and Liebig, W. and Limosani, A. and Lin, S. C. and Lin, T. H. and Lindquist, B. E. and Lionti, A. E. and Lipeles, E. and Lipniacka, A. and Lisovyi, M. and Liss, T. M. and Lister, A. and Litke, A. M. and Liu, B. and Liu, D. and Liu, H. and Liu, H. and Liu, J. and Liu, J. B. and Liu, K. and Liu, L. and Liu, M. and Liu, Y. L. and Liu, Y. and Livan, M. and Lleres, A. and Llorente Merino, J. and Lloyd, S. L. and Lo Sterzo, F. and Lobodzinska, E. M. and Loch, P. and Loebinger, F. K. and Loew, K. M. and Loginov, A. and Lohse, T. and Lohwasser, K. and Lokajicek, M. and Long, B. A. and Long, J. D. and Long, R. E. and Longo, L. and Looper, K. A. and L\'opez, J. A. and Lopez Mateos, D. and Lopez Paredes, B. and Lopez Paz, I. and Lopez Solis, A. and Lorenz, J. and Lorenzo Martinez, N. and Losada, M. and L\"osel, P. J. and Lou, X. and Lounis, A. and Love, J. and Love, P. A. and Lu, H. and Lu, N. and Lubatti, H. J. and Luci, C. and Lucotte, A. and Luedtke, C. and Luehring, F. and Lukas, W. and Luminari, L. and Lundberg, O. and Lund-Jensen, B. and Luzi, P. M. and Lynn, D. and Lysak, R. and Lytken, E. and Lyubushkin, V. and Ma, H. and Ma, L. L. and Ma, Y. and Maccarrone, G. and Macchiolo, A. and Macdonald, C. M. and Ma\ifmmode \check{c}\else \v{c}\fi{}ek, B. and Machado Miguens, J. and Madaffari, D. and Madar, R. and Maddocks, H. J. and Mader, W. F. and Madsen, A. and Maeda, J. and Maeland, S. and Maeno, T. and Maevskiy, A. and Magradze, E. and Mahlstedt, J. and Maiani, C. and Maidantchik, C. and Maier, A. A. and Maier, T. and Maio, A. and Majewski, S. and Makida, Y. and Makovec, N. and Malaescu, B. and Malecki, Pa. and Maleev, V. P. and Malek, F. and Mallik, U. and Malon, D. and Malone, C. and Maltezos, S. and Malyukov, S. and Mamuzic, J. and Mancini, G. and Mandelli, L. and Mandi\ifmmode \acute{c}\else \'{c}\fi{}, I. and Maneira, J. and Manhaes de Andrade Filho, L. and Manjarres Ramos, J. and Mann, A. and Manousos, A. and Mansoulie, B. and Mansour, J. D. and Mantifel, R. and Mantoani, M. and Manzoni, S. and Mapelli, L. and Marceca, G. and March, L. and Marchiori, G. and Marcisovsky, M. and Marjanovic, M. and Marley, D. E. and Marroquim, F. and Marsden, S. P. and Marshall, Z. and Marti-Garcia, S. and Martin, B. and Martin, T. A. and Martin, V. J. and Martin dit Latour, B. and Martinez, M. and Martinez Outschoorn, V. I. and Martin-Haugh, S. and Martoiu, V. S. and Martyniuk, A. C. and Marzin, A. and Masetti, L. and Mashimo, T. and Mashinistov, R. and Masik, J. and Maslennikov, A. L. and Massa, I. and Massa, L. and Mastrandrea, P. and Mastroberardino, A. and Masubuchi, T. and M\"attig, P. and Mattmann, J. and Maurer, J. and Maxfield, S. J. and Maximov, D. A. and Mazini, R. and Maznas, I. and Mazza, S. M. and Mc Fadden, N. C. and Mc Goldrick, G. and Mc Kee, S. P. and McCarn, A. and McCarthy, R. L. and McCarthy, T. G. and McClymont, L. I. and McDonald, E. F. and Mcfayden, J. A. and Mchedlidze, G. and McMahon, S. J. and McPherson, R. A. and Medinnis, M. and Meehan, S. and Mehlhase, S. and Mehta, A. and Meier, K. and Meineck, C. and Meirose, B. and Melini, D. and Mellado Garcia, B. R. and Melo, M. and Meloni, F. and Meng, L. and Meng, X. and Mengarelli, A. and Menke, S. and Meoni, E. and Mergelmeyer, S. and Mermod, P. and Merola, L. and Meroni, C. and Merritt, F. S. and Messina, A. and Metcalfe, J. and Mete, A. S. and Meyer, C. and Meyer, C. and Meyer, J-P. and Meyer, J. and Meyer Zu Theenhausen, H. and Miano, F. and Middleton, R. P. and Miglioranzi, S. and Mijovi\ifmmode \acute{c}\else \'{c}\fi{}, L. and Mikenberg, G. and Mikestikova, M. and Miku\ifmmode \check{z}\else \v{z}\fi{}, M. and Milesi, M. and Milic, A. and Miller, D. W. and Mills, C. and Milov, A. and Milstead, D. A. and Minaenko, A. A. and Minami, Y. and Minashvili, I. A. and Mincer, A. I. and Mindur, B. and Mineev, M. and Minegishi, Y. and Ming, Y. and Mir, L. M. and Mistry, K. P. and Mitani, T. and Mitrevski, J. and Mitsou, V. A. and Miucci, A. and Miyagawa, P. S. and Mizukami, A. and Mj\"ornmark, J. U. and Mlynarikova, M. and Moa, T. and Mochizuki, K. and Mogg, P. and Mohapatra, S. and Molander, S. and Moles-Valls, R. and Monden, R. and Mondragon, M. C. and M\"onig, K. and Monk, J. and Monnier, E. and Montalbano, A. and Montejo Berlingen, J. and Monticelli, F. and Monzani, S. and Moore, R. W. and Morange, N. and Moreno, D. and Moreno Ll\'acer, M. and Morettini, P. and Morgenstern, S. and Mori, D. and Mori, T. and Morii, M. and Morinaga, M. and Morisbak, V. and Moritz, S. and Morley, A. K. and Mornacchi, G. and Morris, J. D. and Mortensen, S. S. and Morvaj, L. and Moschovakos, P. and Mosidze, M. and Moss, H. J. and Moss, J. and Motohashi, K. and Mount, R. and Mountricha, E. and Moyse, E. J. W. and Muanza, S. and Mudd, R. D. and Mueller, F. and Mueller, J. and Mueller, R. S. P. and Mueller, T. and Muenstermann, D. and Mullen, P. and Mullier, G. A. and Munoz Sanchez, F. J. and Murillo Quijada, J. A. and Murray, W. J. and Musheghyan, H. and Mu\ifmmode \check{s}\else \v{s}\fi{}kinja, M. and Myagkov, A. G. and Myska, M. and Nachman, B. P. and Nackenhorst, O. and Nagai, K. and Nagai, R. and Nagano, K. and Nagasaka, Y. and Nagata, K. and Nagel, M. and Nagy, E. and Nairz, A. M. and Nakahama, Y. and Nakamura, K. and Nakamura, T. and Nakano, I. and Naranjo Garcia, R. F. and Narayan, R. and Narrias Villar, D. I. and Naryshkin, I. and Naumann, T. and Navarro, G. and Nayyar, R. and Neal, H. A. and Nechaeva, P. Yu. and Neep, T. J. and Negri, A. and Negrini, M. and Nektarijevic, S. and Nellist, C. and Nelson, A. and Nemecek, S. and Nemethy, P. and Nepomuceno, A. A. and Nessi, M. and Neubauer, M. S. and Neumann, M. and Neves, R. M. and Nevski, P. and Newman, P. R. and Nguyen, D. H. and Nguyen Manh, T. and Nickerson, R. B. and Nicolaidou, R. and Nielsen, J. and Nikolaenko, V. and Nikolic-Audit, I. and Nikolopoulos, K. and Nilsen, J. K. and Nilsson, P. and Ninomiya, Y. and Nisati, A. and Nisius, R. and Nobe, T. and Nomachi, M. and Nomidis, I. and Nooney, T. and Norberg, S. and Nordberg, M. and Norjoharuddeen, N. and Novgorodova, O. and Nowak, S. and Nozaki, M. and Nozka, L. and Ntekas, K. and Nurse, E. and Nuti, F. and O'grady, F. and O'Neil, D. C. and O'Rourke, A. A. and O'Shea, V. and Oakham, F. G. and Oberlack, H. and Obermann, T. and Ocariz, J. and Ochi, A. and Ochoa, I. and Ochoa-Ricoux, J. P. and Oda, S. and Odaka, S. and Ogren, H. and Oh, A. and Oh, S. H. and Ohm, C. C. and Ohman, H. and Oide, H. and Okawa, H. and Okumura, Y. and Okuyama, T. and Olariu, A. and Oleiro Seabra, L. F. and Olivares Pino, S. A. and Oliveira Damazio, D. and Olszewski, A. and Olszowska, J. and Onofre, A. and Onogi, K. and Onyisi, P. U. E. and Oreglia, M. J. and Oren, Y. and Orestano, D. and Orlando, N. and Orr, R. S. and Osculati, B. and Ospanov, R. and Otero y Garzon, G. and Otono, H. and Ouchrif, M. and Ould-Saada, F. and Ouraou, A. and Oussoren, K. P. and Ouyang, Q. and Owen, M. and Owen, R. E. and Ozcan, V. E. and Ozturk, N. and Pachal, K. and Pacheco Pages, A. and Pacheco Rodriguez, L. and Padilla Aranda, C. and Pag\'a\ifmmode \check{c}\else \v{c}\fi{}ov\'a, M. and Pagan Griso, S. and Paganini, M. and Paige, F. and Pais, P. and Pajchel, K. and Palacino, G. and Palazzo, S. and Palestini, S. and Palka, M. and Pallin, D. and Panagiotopoulou, E. St. and Pandini, C. E. and Panduro Vazquez, J. G. and Pani, P. and Panitkin, S. and Pantea, D. and Paolozzi, L. and Papadopoulou, Th. D. and Papageorgiou, K. and Paramonov, A. and Paredes Hernandez, D. and Parker, A. J. and Parker, M. A. and Parker, K. A. and Parodi, F. and Parsons, J. A. and Parzefall, U. and Pascuzzi, V. R. and Pasqualucci, E. and Passaggio, S. and Pastore, Fr. and P\'asztor, G. and Pataraia, S. and Pater, J. R. and Pauly, T. and Pearce, J. and Pearson, B. and Pedersen, L. E. and Pedersen, M. and Pedraza Lopez, S. and Pedro, R. and Peleganchuk, S. V. and Penc, O. and Peng, C. and Peng, H. and Penwell, J. and Peralva, B. S. and Perego, M. M. and Perepelitsa, D. V. and Perez Codina, E. and Perini, L. and Pernegger, H. and Perrella, S. and Peschke, R. and Peshekhonov, V. D. and Peters, K. and Peters, R. F. Y. and Petersen, B. A. and Petersen, T. C. and Petit, E. and Petridis, A. and Petridou, C. and Petroff, P. and Petrolo, E. and Petrov, M. and Petrucci, F. and Pettersson, N. E. and Peyaud, A. and Pezoa, R. and Phillips, P. W. and Piacquadio, G. and Pianori, E. and Picazio, A. and Piccaro, E. and Piccinini, M. and Pickering, M. A. and Piegaia, R. and Pilcher, J. E. and Pilkington, A. D. and Pin, A. W. J. and Pinamonti, M. and Pinfold, J. L. and Pingel, A. and Pires, S. and Pirumov, H. and Pitt, M. and Plazak, L. and Pleier, M.-A. and Pleskot, V. and Plotnikova, E. and Pluth, D. and Poettgen, R. and Poggioli, L. and Pohl, D. and Polesello, G. and Poley, A. and Policicchio, A. and Polifka, R. and Polini, A. and Pollard, C. S. and Polychronakos, V. and Pomm\`es, K. and Pontecorvo, L. and Pope, B. G. and Popeneciu, G. A. and Poppleton, A. and Pospisil, S. and Potamianos, K. and Potrap, I. N. and Potter, C. J. and Potter, C. T. and Poulard, G. and Poveda, J. and Pozdnyakov, V. and Pozo Astigarraga, M. E. and Pralavorio, P. and Pranko, A. and Prell, S. and Price, D. and Price, L. E. and Primavera, M. and Prince, S. and Prokofiev, K. and Prokoshin, F. and Protopopescu, S. and Proudfoot, J. and Przybycien, M. and Puddu, D. and Purohit, M. and Puzo, P. and Qian, J. and Qin, G. and Qin, Y. and Quadt, A. and Quayle, W. B. and Queitsch-Maitland, M. and Quilty, D. and Raddum, S. and Radeka, V. and Radescu, V. and Radhakrishnan, S. K. and Radloff, P. and Rados, P. and Ragusa, F. and Rahal, G. and Raine, J. A. and Rajagopalan, S. and Rammensee, M. and Rangel-Smith, C. and Ratti, M. G. and Rauch, D. M. and Rauscher, F. and Rave, S. and Ravenscroft, T. and Ravinovich, I. and Raymond, M. and Read, A. L. and Readioff, N. P. and Reale, M. and Rebuzzi, D. M. and Redelbach, A. and Redlinger, G. and Reece, R. and Reed, R. G. and Reeves, K. and Rehnisch, L. and Reichert, J. and Reiss, A. and Rembser, C. and Ren, H. and Rescigno, M. and Resconi, S. and Rezanova, O. L. and Reznicek, P. and Rezvani, R. and Richter, R. and Richter, S. and Richter-Was, E. and Ricken, O. and Ridel, M. and Rieck, P. and Riegel, C. J. and Rieger, J. and Rifki, O. and Rijssenbeek, M. and Rimoldi, A. and Rimoldi, M. and Rinaldi, L. and Risti\ifmmode \acute{c}\else \'{c}\fi{}, B. and Ritsch, E. and Riu, I. and Rizatdinova, F. and Rizvi, E. and Rizzi, C. and Robertson, S. H. and Robichaud-Veronneau, A. and Robinson, D. and Robinson, J. E. M. and Robson, A. and Roda, C. and Rodina, Y. and Rodriguez Perez, A. and Rodriguez Rodriguez, D. and Roe, S. and Rogan, C. S. and R\o{}hne, O. and Roloff, J. and Romaniouk, A. and Romano, M. and Romano Saez, S. M. and Romero Adam, E. and Rompotis, N. and Ronzani, M. and Roos, L. and Ros, E. and Rosati, S. and Rosbach, K. and Rose, P. and Rosien, N.-A. and Rossetti, V. and Rossi, E. and Rossi, L. P. and Rosten, J. H. N. and Rosten, R. and Rotaru, M. and Roth, I. and Rothberg, J. and Rousseau, D. and Rozanov, A. and Rozen, Y. and Ruan, X. and Rubbo, F. and Rudolph, M. S. and R\"uhr, F. and Ruiz-Martinez, A. and Rurikova, Z. and Rusakovich, N. A. and Ruschke, A. and Russell, H. L. and Rutherfoord, J. P. and Ruthmann, N. and Ryabov, Y. F. and Rybar, M. and Rybkin, G. and Ryu, S. and Ryzhov, A. and Rzehorz, G. F. and Saavedra, A. F. and Sabato, G. and Sacerdoti, S. and Sadrozinski, H. F-W. and Sadykov, R. and Safai Tehrani, F. and Saha, P. and Sahinsoy, M. and Saimpert, M. and Saito, T. and Sakamoto, H. and Sakurai, Y. and Salamanna, G. and Salamon, A. and Salazar Loyola, J. E. and Salek, D. and Sales De Bruin, P. H. and Salihagic, D. and Salnikov, A. and Salt, J. and Salvatore, D. and Salvatore, F. and Salvucci, A. and Salzburger, A. and Sammel, D. and Sampsonidis, D. and S\'anchez, J. and Sanchez Martinez, V. and Sanchez Pineda, A. and Sandaker, H. and Sandbach, R. L. and Sandhoff, M. and Sandoval, C. and Sankey, D. P. C. and Sannino, M. and Sansoni, A. and Santoni, C. and Santonico, R. and Santos, H. and Santoyo Castillo, I. and Sapp, K. and Sapronov, A. and Saraiva, J. G. and Sarrazin, B. and Sasaki, O. and Sato, K. and Sauvan, E. and Savage, G. and Savard, P. and Savic, N. and Sawyer, C. and Sawyer, L. and Saxon, J. and Sbarra, C. and Sbrizzi, A. and Scanlon, T. and Scannicchio, D. A. and Scarcella, M. and Scarfone, V. and Schaarschmidt, J. and Schacht, P. and Schachtner, B. M. and Schaefer, D. and Schaefer, L. and Schaefer, R. and Schaeffer, J. and Schaepe, S. and Schaetzel, S. and Sch\"afer, U. and Schaffer, A. C. and Schaile, D. and Schamberger, R. D. and Scharf, V. and Schegelsky, V. A. and Scheirich, D. and Schernau, M. and Schiavi, C. and Schier, S. and Schillo, C. and Schioppa, M. and Schlenker, S. and Schmidt-Sommerfeld, K. R. and Schmieden, K. and Schmitt, C. and Schmitt, S. and Schmitz, S. and Schneider, B. and Schnoor, U. and Schoeffel, L. and Schoening, A. and Schoenrock, B. D. and Schopf, E. and Schott, M. and Schouwenberg, J. F. P. and Schovancova, J. and Schramm, S. and Schreyer, M. and Schuh, N. and Schulte, A. and Schultens, M. J. and Schultz-Coulon, H.-C. and Schulz, H. and Schumacher, M. and Schumm, B. A. and Schune, Ph. and Schwartzman, A. and Schwarz, T. A. and Schweiger, H. and Schwemling, Ph. and Schwienhorst, R. and Schwindling, J. and Schwindt, T. and Sciolla, G. and Scuri, F. and Scutti, F. and Searcy, J. and Seema, P. and Seidel, S. C. and Seiden, A. and Seifert, F. and Seixas, J. M. and Sekhniaidze, G. and Sekhon, K. and Sekula, S. J. and Seliverstov, D. M. and Semprini-Cesari, N. and Serfon, C. and Serin, L. and Serkin, L. and Sessa, M. and Seuster, R. and Severini, H. and Sfiligoj, T. and Sforza, F. and Sfyrla, A. and Shabalina, E. and Shaikh, N. W. and Shan, L. Y. and Shang, R. and Shank, J. T. and Shapiro, M. and Shatalov, P. B. and Shaw, K. and Shaw, S. M. and Shcherbakova, A. and Shehu, C. Y. and Sherwood, P. and Shi, L. and Shimizu, S. and Shimmin, C. O. and Shimojima, M. and Shirabe, S. and Shiyakova, M. and Shmeleva, A. and Shoaleh Saadi, D. and Shochet, M. J. and Shojaii, S. and Shope, D. R. and Shrestha, S. and Shulga, E. and Shupe, M. A. and Sicho, P. and Sickles, A. M. and Sidebo, P. E. and Sideras Haddad, E. and Sidiropoulou, O. and Sidorov, D. and Sidoti, A. and Siegert, F. and Sijacki, Dj. and Silva, J. and Silverstein, S. B. and Simak, V. and Simic, Lj. and Simion, S. and Simioni, E. and Simmons, B. and Simon, D. and Simon, M. and Sinervo, P. and Sinev, N. B. and Sioli, M. and Siragusa, G. and Sivoklokov, S. Yu. and Sj\"olin, J. and Skinner, M. B. and Skottowe, H. P. and Skubic, P. and Slater, M. and Slavicek, T. and Slawinska, M. and Sliwa, K. and Slovak, R. and Smakhtin, V. and Smart, B. H. and Smestad, L. and Smiesko, J. and Smirnov, S. Yu. and Smirnov, Y. and Smirnova, L. N. and Smirnova, O. and Smith, J. W. and Smith, M. N. K. and Smith, R. W. and Smizanska, M. and Smolek, K. and Snesarev, A. A. and Snyder, I. M. and Snyder, S. and Sobie, R. and Socher, F. and Soffer, A. and Soh, D. A. and Sokhrannyi, G. and Solans Sanchez, C. A. and Solar, M. and Soldatov, E. Yu. and Soldevila, U. and Solodkov, A. A. and Soloshenko, A. and Solovyanov, O. V. and Solovyev, V. and Sommer, P. and Son, H. and Song, H. Y. and Sood, A. and Sopczak, A. and Sopko, V. and Sorin, V. and Sosa, D. and Sotiropoulou, C. L. and Soualah, R. and Soukharev, A. M. and South, D. and Sowden, B. C. and Spagnolo, S. and Spalla, M. and Spangenberg, M. and Span\`o, F. and Sperlich, D. and Spettel, F. and Spighi, R. and Spigo, G. and Spiller, L. A. and Spousta, M. and St. Denis, R. D. and Stabile, A. and Stamen, R. and Stamm, S. and Stanecka, E. and Stanek, R. W. and Stanescu, C. and Stanescu-Bellu, M. and Stanitzki, M. M. and Stapnes, S. and Starchenko, E. A. and Stark, G. H. and Stark, J. and Staroba, P. and Starovoitov, P. and St\"arz, S. and Staszewski, R. and Steinberg, P. and Stelzer, B. and Stelzer, H. J. and Stelzer-Chilton, O. and Stenzel, H. and Stewart, G. A. and Stillings, J. A. and Stockton, M. C. and Stoebe, M. and Stoicea, G. and Stolte, P. and Stonjek, S. and Stradling, A. R. and Straessner, A. and Stramaglia, M. E. and Strandberg, J. and Strandberg, S. and Strandlie, A. and Strauss, M. and Strizenec, P. and Str\"ohmer, R. and Strom, D. M. and Stroynowski, R. and Strubig, A. and Stucci, S. A. and Stugu, B. and Styles, N. A. and Su, D. and Su, J. and Suchek, S. and Sugaya, Y. and Suk, M. and Sulin, V. V. and Sultansoy, S. and Sumida, T. and Sun, S. and Sun, X. and Sundermann, J. E. and Suruliz, K. and Suster, C. J. E. and Sutton, M. R. and Suzuki, S. and Svatos, M. and Swiatlowski, M. and Swift, S. P. and Sykora, I. and Sykora, T. and Ta, D. and Tackmann, K. and Taenzer, J. and Taffard, A. and Tafirout, R. and Taiblum, N. and Takai, H. and Takashima, R. and Takeshita, T. and Takubo, Y. and Talby, M. and Talyshev, A. A. and Tanaka, J. and Tanaka, M. and Tanaka, R. and Tanaka, S. and Tanioka, R. and Tannenwald, B. B. and Tapia Araya, S. and Tapprogge, S. and Tarem, S. and Tartarelli, G. F. and Tas, P. and Tasevsky, M. and Tashiro, T. and Tassi, E. and Tavares Delgado, A. and Tayalati, Y. and Taylor, A. C. and Taylor, G. N. and Taylor, P. T. E. and Taylor, W. and Teischinger, F. A. and Teixeira-Dias, P. and Temming, K. K. and Temple, D. and Ten Kate, H. and Teng, P. K. and Teoh, J. J. and Tepel, F. and Terada, S. and Terashi, K. and Terron, J. and Terzo, S. and Testa, M. and Teuscher, R. J. and Theveneaux-Pelzer, T. and Thomas, J. P. and Thomas-Wilsker, J. and Thompson, P. D. and Thompson, A. S. and Thomsen, L. A. and Thomson, E. and Tibbetts, M. J. and Ticse Torres, R. E. and Tikhomirov, V. O. and Tikhonov, Yu. A. and Timoshenko, S. and Tipton, P. and Tisserant, S. and Todome, K. and Todorov, T. and Todorova-Nova, S. and Tojo, J. and Tok\'ar, S. and Tokushuku, K. and Tolley, E. and Tomlinson, L. and Tomoto, M. and Tompkins, L. and Toms, K. and Tong, B. and Tornambe, P. and Torrence, E. and Torres, H. and Torr\'o Pastor, E. and Toth, J. and Touchard, F. and Tovey, D. R. and Trefzger, T. and Tricoli, A. and Trigger, I. M. and Trincaz-Duvoid, S. and Tripiana, M. F. and Trischuk, W. and Trocm\'e, B. and Trofymov, A. and Troncon, C. and Trottier-McDonald, M. and Trovatelli, M. and Truong, L. and Trzebinski, M. and Trzupek, A. and Tseng, J. C-L. and Tsiareshka, P. V. and Tsipolitis, G. and Tsirintanis, N. and Tsiskaridze, S. and Tsiskaridze, V. and Tskhadadze, E. G. and Tsui, K. M. and Tsukerman, I. I. and Tsulaia, V. and Tsuno, S. and Tsybychev, D. and Tu, Y. and Tudorache, A. and Tudorache, V. and Tulbure, T. T. and Tuna, A. N. and Tupputi, S. A. and Turchikhin, S. and Turgeman, D. and Turk Cakir, I. and Turra, R. and Tuts, P. M. and Ucchielli, G. and Ueda, I. and Ughetto, M. and Ukegawa, F. and Unal, G. and Undrus, A. and Unel, G. and Ungaro, F. C. and Unno, Y. and Unverdorben, C. and Urban, J. and Urquijo, P. and Urrejola, P. and Usai, G. and Usui, J. and Vacavant, L. and Vacek, V. and Vachon, B. and Valderanis, C. and Valdes Santurio, E. and Valencic, N. and Valentinetti, S. and Valero, A. and Valery, L. and Valkar, S. and Valls Ferrer, J. A. and Van Den Wollenberg, W. and Van Der Deijl, P. C. and van der Graaf, H. and van Eldik, N. and van Gemmeren, P. and Van Nieuwkoop, J. and van Vulpen, I. and van Woerden, M. C. and Vanadia, M. and Vandelli, W. and Vanguri, R. and Vaniachine, A. and Vankov, P. and Vardanyan, G. and Vari, R. and Varnes, E. W. and Varol, T. and Varouchas, D. and Vartapetian, A. and Varvell, K. E. and Vasquez, J. G. and Vasquez, G. A. and Vazeille, F. and Vazquez Schroeder, T. and Veatch, J. and Veeraraghavan, V. and Veloce, L. M. and Veloso, F. and Veneziano, S. and Ventura, A. and Venturi, M. and Venturi, N. and Venturini, A. and Vercesi, V. and Verducci, M. and Verkerke, W. and Vermeulen, J. C. and Vest, A. and Vetterli, M. C. and Viazlo, O. and Vichou, I. and Vickey, T. and Vickey Boeriu, O. E. and Viehhauser, G. H. A. and Viel, S. and Vigani, L. and Villa, M. and Villaplana Perez, M. and Vilucchi, E. and Vincter, M. G. and Vinogradov, V. B. and Vittori, C. and Vivarelli, I. and Vlachos, S. and Vlasak, M. and Vogel, M. and Vokac, P. and Volpi, G. and Volpi, M. and von der Schmitt, H. and von Toerne, E. and Vorobel, V. and Vorobev, K. and Vos, M. and Voss, R. and Vossebeld, J. H. and Vranjes, N. and Vranjes Milosavljevic, M. and Vrba, V. and Vreeswijk, M. and Vuillermet, R. and Vukotic, I. and Wagner, P. and Wagner, W. and Wahlberg, H. and Wahrmund, S. and Wakabayashi, J. and Walder, J. and Walker, R. and Walkowiak, W. and Wallangen, V. and Wang, C. and Wang, C. and Wang, F. and Wang, H. and Wang, H. and Wang, J. and Wang, J. and Wang, K. and Wang, R. and Wang, S. M. and Wang, T. and Wang, W. and Wanotayaroj, C. and Warburton, A. and Ward, C. P. and Wardrope, D. R. and Washbrook, A. and Watkins, P. M. and Watson, A. T. and Watson, M. F. and Watts, G. and Watts, S. and Waugh, B. M. and Webb, S. and Weber, M. S. and Weber, S. W. and Weber, S. A. and Webster, J. S. and Weidberg, A. R. and Weinert, B. and Weingarten, J. and Weiser, C. and Weits, H. and Wells, P. S. and Wenaus, T. and Wengler, T. and Wenig, S. and Wermes, N. and Werner, M. D. and Werner, P. and Wessels, M. and Wetter, J. and Whalen, K. and Whallon, N. L. and Wharton, A. M. and White, A. and White, M. J. and White, R. and Whiteson, D. and Wickens, F. J. and Wiedenmann, W. and Wielers, M. and Wiglesworth, C. and Wiik-Fuchs, L. A. M. and Wildauer, A. and Wilk, F. and Wilkens, H. G. and Williams, H. H. and Williams, S. and Willis, C. and Willocq, S. and Wilson, J. A. and Wingerter-Seez, I. and Winklmeier, F. and Winston, O. J. and Winter, B. T. and Wittgen, M. and Wolf, T. M. H. and Wolff, R. and Wolter, M. W. and Wolters, H. and Worm, S. D. and Wosiek, B. K. and Wotschack, J. and Woudstra, M. J. and Wozniak, K. W. and Wu, M. and Wu, M. and Wu, S. L. and Wu, X. and Wu, Y. and Wyatt, T. R. and Wynne, B. M. and Xella, S. and Xi, Z. and Xu, D. and Xu, L. and Yabsley, B. and Yacoob, S. and Yamaguchi, D. and Yamaguchi, Y. and Yamamoto, A. and Yamamoto, S. and Yamanaka, T. and Yamauchi, K. and Yamazaki, Y. and Yan, Z. and Yang, H. and Yang, H. and Yang, Y. and Yang, Z. and Yao, W-M. and Yap, Y. C. and Yasu, Y. and Yatsenko, E. and Yau Wong, K. H. and Ye, J. and Ye, S. and Yeletskikh, I. and Yildirim, E. and Yorita, K. and Yoshida, R. and Yoshihara, K. and Young, C. and Young, C. J. S. and Youssef, S. and Yu, D. R. and Yu, J. and Yu, J. M. and Yu, J. and Yuan, L. and Yuen, S. P. Y. and Yusuff, I. and Zabinski, B. and Zaidan, R. and Zaitsev, A. M. and Zakharchuk, N. and Zalieckas, J. and Zaman, A. and Zambito, S. and Zanello, L. and Zanzi, D. and Zeitnitz, C. and Zeman, M. and Zemla, A. and Zeng, J. C. and Zeng, Q. and Zenin, O. and \ifmmode \check{Z}\else \v{Z}\fi{}eni\ifmmode \check{s}\else \v{s}\fi{}, T. and Zerwas, D. and Zhang, D. and Zhang, F. and Zhang, G. and Zhang, H. and Zhang, J. and Zhang, L. and Zhang, L. and Zhang, M. and Zhang, R. and Zhang, R. and Zhang, X. and Zhang, Z. and Zhao, X. and Zhao, Y. and Zhao, Z. and Zhemchugov, A. and Zhong, J. and Zhou, B. and Zhou, C. and Zhou, L. and Zhou, L. and Zhou, M. and Zhou, M. and Zhou, N. and Zhu, C. G. and Zhu, H. and Zhu, J. and Zhu, Y. and Zhuang, X. and Zhukov, K. and Zibell, A. and Zieminska, D. and Zimine, N. I. and Zimmermann, C. and Zimmermann, S. and Zinonos, Z. and Zinser, M. and Ziolkowski, M. and \ifmmode \check{Z}\else \v{Z}\fi{}ivkovi\ifmmode \acute{c}\else \'{c}\fi{}, L. and Zobernig, G. and Zoccoli, A. and zur Nedden, M. and Zwalinski, L.},
  collaboration = {ATLAS Collaboration},
  journal = {Phys. Rev. C},
  volume = {96},
  issue = {2},
  pages = {024908},
  numpages = {37},
  year = {2017},
  month = {Aug},
  publisher = {American Physical Society},
  doi = {10.1103/PhysRevC.96.024908},
  url = {https://link.aps.org/doi/10.1103/PhysRevC.96.024908}
}

@article{PhysRevD.44.3501,
  title = {hijing: A Monte Carlo model for multiple jet production in $\mathrm{pp}$, $\mathrm{pA}$, and $\mathrm{AA}$ collisions},
  author = {Wang, Xin-Nian and Gyulassy, Miklos},
  journal = {Phys. Rev. D},
  volume = {44},
  issue = {11},
  pages = {3501--3516},
  numpages = {0},
  year = {1991},
  month = {Dec},
  publisher = {American Physical Society},
  doi = {10.1103/PhysRevD.44.3501},
  url = {https://link.aps.org/doi/10.1103/PhysRevD.44.3501}
}

@article{PhysRevD.94.112002,
  title = {Jet flavor classification in high-energy physics with deep neural networks},
  author = {Guest, Daniel and Collado, Julian and Baldi, Pierre and Hsu, Shih-Chieh and Urban, Gregor and Whiteson, Daniel},
  journal = {Phys. Rev. D},
  volume = {94},
  issue = {11},
  pages = {112002},
  numpages = {12},
  year = {2016},
  month = {Dec},
  publisher = {American Physical Society},
  doi = {10.1103/PhysRevD.94.112002},
  url = {https://link.aps.org/doi/10.1103/PhysRevD.94.112002}
}

@article{PhysRevLett.116.172302,
  title = {Measurement of Long-Range Near-Side Two-Particle Angular Correlations in $pp$ Collisions at $\sqrt{s}=13\text{ }\text{ }\mathrm{TeV}$},
  author = {Khachatryan, V. and Sirunyan, A. M. and Tumasyan, A. and Adam, W. and Asilar, E. and Bergauer, T. and Brandstetter, J. and Brondolin, E. and Dragicevic, M. and Er\"o, J. and Flechl, M. and Friedl, M. and Fr\"uhwirth, R. and Ghete, V. M. and Hartl, C. and H\"ormann, N. and Hrubec, J. and Jeitler, M. and Kn\"unz, V. and K\"onig, A. and Krammer, M. and Kr\"atschmer, I. and Liko, D. and Matsushita, T. and Mikulec, I. and Rabady, D. and Rahbaran, B. and Rohringer, H. and Schieck, J. and Sch\"ofbeck, R. and Strauss, J. and Treberer-Treberspurg, W. and Waltenberger, W. and Wulz, C.-E. and Mossolov, V. and Shumeiko, N. and Suarez Gonzalez, J. and Alderweireldt, S. and Cornelis, T. and De Wolf, E. A. and Janssen, X. and Knutsson, A. and Lauwers, J. and Luyckx, S. and Van De Klundert, M. and Van Haevermaet, H. and Van Mechelen, P. and Van Remortel, N. and Van Spilbeeck, A. and Abu Zeid, S. and Blekman, F. and D'Hondt, J. and Daci, N. and De Bruyn, I. and Deroover, K. and Heracleous, N. and Keaveney, J. and Lowette, S. and Moreels, L. and Olbrechts, A. and Python, Q. and Strom, D. and Tavernier, S. and Van Doninck, W. and Van Mulders, P. and Van Onsem, G. P. and Van Parijs, I. and Barria, P. and Brun, H. and Caillol, C. and Clerbaux, B. and De Lentdecker, G. and Fasanella, G. and Favart, L. and Grebenyuk, A. and Karapostoli, G. and Lenzi, T. and L\'eonard, A. and Maerschalk, T. and Marinov, A. and Perni\`e, L. and Randle-conde, A. and Seva, T. and Vander Velde, C. and Vanlaer, P. and Yonamine, R. and Zenoni, F. and Zhang, F. and Beernaert, K. and Benucci, L. and Cimmino, A. and Crucy, S. and Dobur, D. and Fagot, A. and Garcia, G. and Gul, M. and Mccartin, J. and Ocampo Rios, A. A. and Poyraz, D. and Ryckbosch, D. and Salva, S. and Sigamani, M. and Tytgat, M. and Van Driessche, W. and Yazgan, E. and Zaganidis, N. and Basegmez, S. and Beluffi, C. and Bondu, O. and Brochet, S. and Bruno, G. and Caudron, A. and Ceard, L. and Da Silveira, G. G. and Delaere, C. and Favart, D. and Forthomme, L. and Giammanco, A. and Hollar, J. and Jafari, A. and Jez, P. and Komm, M. and Lemaitre, V. and Mertens, A. and Musich, M. and Nuttens, C. and Perrini, L. and Pin, A. and Piotrzkowski, K. and Popov, A. and Quertenmont, L. and Selvaggi, M. and Vidal Marono, M. and Beliy, N. and Hammad, G. H. and Ald\'a J\'unior, W. L. and Alves, F. L. and Alves, G. A. and Brito, L. and Correa Martins Junior, M. and Hamer, M. and Hensel, C. and Moraes, A. and Pol, M. E. and Rebello Teles, P. and Belchior Batista Das Chagas, E. and Carvalho, W. and Chinellato, J. and Cust\'odio, A. and Da Costa, E. M. and De Jesus Damiao, D. and De Oliveira Martins, C. and Fonseca De Souza, S. and Huertas Guativa, L. M. and Malbouisson, H. and Matos Figueiredo, D. and Mora Herrera, C. and Mundim, L. and Nogima, H. and Prado Da Silva, W. L. and Santoro, A. and Sznajder, A. and Tonelli Manganote, E. J. and Vilela Pereira, A. and Ahuja, S. and Bernardes, C. A. and De Souza Santos, A. and Dogra, S. and Tomei, T. R. Fernandez Perez and Gregores, E. M. and Mercadante, P. G. and Moon, C. S. and Novaes, S. F. and Padula, Sandra S. and Romero Abad, D. and Ruiz Vargas, J. C. and Aleksandrov, A. and Hadjiiska, R. and Iaydjiev, P. and Rodozov, M. and Stoykova, S. and Sultanov, G. and Vutova, M. and Dimitrov, A. and Glushkov, I. and Litov, L. and Pavlov, B. and Petkov, P. and Ahmad, M. and Bian, J. G. and Chen, G. M. and Chen, H. S. and Chen, M. and Cheng, T. and Du, R. and Jiang, C. H. and Plestina, R. and Romeo, F. and Shaheen, S. M. and Spiezia, A. and Tao, J. and Wang, C. and Wang, Z. and Zhang, H. and Asawatangtrakuldee, C. and Ban, Y. and Li, Q. and Liu, S. and Mao, Y. and Qian, S. J. and Wang, D. and Xu, Z. and Avila, C. and Cabrera, A. and Chaparro Sierra, L. F. and Florez, C. and Gomez, J. P. and Gomez Moreno, B. and Sanabria, J. C. and Godinovic, N. and Lelas, D. and Puljak, I. and Ribeiro Cipriano, P. M. and Antunovic, Z. and Kovac, M. and Brigljevic, V. and Kadija, K. and Luetic, J. and Micanovic, S. and Sudic, L. and Attikis, A. and Mavromanolakis, G. and Mousa, J. and Nicolaou, C. and Ptochos, F. and Razis, P. A. and Rykaczewski, H. and Bodlak, M. and Finger, M. and Finger, M. and El-khateeb, E. and Elkafrawy, T. and Mohamed, A. and Salama, E. and Calpas, B. and Kadastik, M. and Murumaa, M. and Raidal, M. and Tiko, A. and Veelken, C. and Eerola, P. and Pekkanen, J. and Voutilainen, M. and H\"ark\"onen, J. and Karim\"aki, V. and Kinnunen, R. and Lamp\'en, T. and Lassila-Perini, K. and Lehti, S. and Lind\'en, T. and Luukka, P. and Peltola, T. and Tuominen, E. and Tuominiemi, J. and Tuovinen, E. and Wendland, L. and Talvitie, J. and Tuuva, T. and Besancon, M. and Couderc, F. and Dejardin, M. and Denegri, D. and Fabbro, B. and Faure, J. L. and Favaro, C. and Ferri, F. and Ganjour, S. and Givernaud, A. and Gras, P. and Hamel de Monchenault, G. and Jarry, P. and Locci, E. and Machet, M. and Malcles, J. and Rander, J. and Rosowsky, A. and Titov, M. and Zghiche, A. and Antropov, I. and Baffioni, S. and Beaudette, F. and Busson, P. and Cadamuro, L. and Chapon, E. and Charlot, C. and Davignon, O. and Filipovic, N. and Granier de Cassagnac, R. and Jo, M. and Lisniak, S. and Mastrolorenzo, L. and Min\'e, P. and Naranjo, I. N. and Nguyen, M. and Ochando, C. and Ortona, G. and Paganini, P. and Pigard, P. and Regnard, S. and Salerno, R. and Sauvan, J. B. and Sirois, Y. and Strebler, T. and Yilmaz, Y. and Zabi, A. and Agram, J.-L. and Andrea, J. and Aubin, A. and Bloch, D. and Brom, J.-M. and Buttignol, M. and Chabert, E. C. and Chanon, N. and Collard, C. and Conte, E. and Coubez, X. and Fontaine, J.-C. and Gel\'e, D. and Goerlach, U. and Goetzmann, C. and Le Bihan, A.-C. and Merlin, J. A. and Skovpen, K. and Van Hove, P. and Gadrat, S. and Beauceron, S. and Bernet, C. and Boudoul, G. and Bouvier, E. and Carrillo Montoya, C. A. and Chierici, R. and Contardo, D. and Courbon, B. and Depasse, P. and El Mamouni, H. and Fan, J. and Fay, J. and Gascon, S. and Gouzevitch, M. and Ille, B. and Lagarde, F. and Laktineh, I. B. and Lethuillier, M. and Mirabito, L. and Pequegnot, A. L. and Perries, S. and Ruiz Alvarez, J. D. and Sabes, D. and Sgandurra, L. and Sordini, V. and Vander Donckt, M. and Verdier, P. and Viret, S. and Toriashvili, T. and Tsamalaidze, Z. and Autermann, C. and Beranek, S. and Feld, L. and Heister, A. and Kiesel, M. K. and Klein, K. and Lipinski, M. and Ostapchuk, A. and Preuten, M. and Raupach, F. and Schael, S. and Schulte, J. F. and Verlage, T. and Weber, H. and Zhukov, V. and Ata, M. and Brodski, M. and Dietz-Laursonn, E. and Duchardt, D. and Endres, M. and Erdmann, M. and Erdweg, S. and Esch, T. and Fischer, R. and G\"uth, A. and Hebbeker, T. and Heidemann, C. and Hoepfner, K. and Knutzen, S. and Kreuzer, P. and Merschmeyer, M. and Meyer, A. and Millet, P. and Mukherjee, S. and Olschewski, M. and Padeken, K. and Papacz, P. and Pook, T. and Radziej, M. and Reithler, H. and Rieger, M. and Scheuch, F. and Sonnenschein, L. and Teyssier, D. and Th\"uer, S. and Cherepanov, V. and Erdogan, Y. and Fl\"ugge, G. and Geenen, H. and Geisler, M. and Hoehle, F. and Kargoll, B. and Kress, T. and Kuessel, Y. and K\"unsken, A. and Lingemann, J. and Nehrkorn, A. and Nowack, A. and Nugent, I. M. and Pistone, C. and Pooth, O. and Stahl, A. and Aldaya Martin, M. and Asin, I. and Bartosik, N. and Behnke, O. and Behrens, U. and Bell, A. J. and Borras, K. and Burgmeier, A. and Campbell, A. and Costanza, F. and Diez Pardos, C. and Dolinska, G. and Dooling, S. and Dorland, T. and Eckerlin, G. and Eckstein, D. and Eichhorn, T. and Flucke, G. and Gallo, E. and Garay Garcia, J. and Geiser, A. and Gizhko, A. and Gunnellini, P. and Hauk, J. and Hempel, M. and Jung, H. and Kalogeropoulos, A. and Karacheban, O. and Kasemann, M. and Katsas, P. and Kieseler, J. and Kleinwort, C. and Korol, I. and Lange, W. and Leonard, J. and Lipka, K. and Lobanov, A. and Lohmann, W. and Mankel, R. and Marfin, I. and Melzer-Pellmann, I.-A. and Meyer, A. B. and Mittag, G. and Mnich, J. and Mussgiller, A. and Naumann-Emme, S. and Nayak, A. and Ntomari, E. and Perrey, H. and Pitzl, D. and Placakyte, R. and Raspereza, A. and Roland, B. and Sahin, M. \"O. and Saxena, P. and Schoerner-Sadenius, T. and Seitz, C. and Spannagel, S. and Trippkewitz, K. D. and Walsh, R. and Wissing, C. and Blobel, V. and Centis Vignali, M. and Draeger, A. R. and Erfle, J. and Garutti, E. and Goebel, K. and Gonzalez, D. and G\"orner, M. and Haller, J. and Hoffmann, M. and H\"oing, R. S. and Junkes, A. and Klanner, R. and Kogler, R. and Kovalchuk, N. and Lapsien, T. and Lenz, T. and Marchesini, I. and Marconi, D. and Meyer, M. and Nowatschin, D. and Ott, J. and Pantaleo, F. and Peiffer, T. and Perieanu, A. and Pietsch, N. and Poehlsen, J. and Rathjens, D. and Sander, C. and Scharf, C. and Schettler, H. and Schleper, P. and Schlieckau, E. and Schmidt, A. and Schwandt, J. and Sola, V. and Stadie, H. and Steinbr\"uck, G. and Tholen, H. and Troendle, D. and Usai, E. and Vanelderen, L. and Vanhoefer, A. and Vormwald, B. and Barth, C. and Baur, S. and Baus, C. and Berger, J. and B\"oser, C. and Butz, E. and Chwalek, T. and Colombo, F. and De Boer, W. and Descroix, A. and Dierlamm, A. and Fink, S. and Frensch, F. and Friese, R. and Giffels, M. and Gilbert, A. and Haitz, D. and Hartmann, F. and Heindl, S. M. and Husemann, U. and Katkov, I. and Kornmayer, A. and Lobelle Pardo, P. and Maier, B. and Mildner, H. and Mozer, M. U. and M\"uller, T. and M\"uller, Th. and Plagge, M. and Quast, G. and Rabbertz, K. and R\"ocker, S. and Roscher, F. and Schr\"oder, M. and Sieber, G. and Simonis, H. J. and Stober, F. M. and Ulrich, R. and Wagner-Kuhr, J. and Wayand, S. and Weber, M. and Weiler, T. and Williamson, S. and W\"ohrmann, C. and Wolf, R. and Anagnostou, G. and Daskalakis, G. and Geralis, T. and Giakoumopoulou, V. A. and Kyriakis, A. and Loukas, D. and Psallidas, A. and Topsis-Giotis, I. and Agapitos, A. and Kesisoglou, S. and Panagiotou, A. and Saoulidou, N. and Tziaferi, E. and Evangelou, I. and Flouris, G. and Foudas, C. and Kokkas, P. and Loukas, N. and Manthos, N. and Papadopoulos, I. and Paradas, E. and Strologas, J. and Bencze, G. and Hajdu, C. and Hazi, A. and Hidas, P. and Horvath, D. and Sikler, F. and Veszpremi, V. and Vesztergombi, G. and Zsigmond, A. J. and Beni, N. and Czellar, S. and Karancsi, J. and Molnar, J. and Szillasi, Z. and Bart\'ok, M. and Makovec, A. and Raics, P. and Trocsanyi, Z. L. and Ujvari, B. and Choudhury, S. and Mal, P. and Mandal, K. and Sahoo, D. K. and Sahoo, N. and Swain, S. K. and Bansal, S. and Beri, S. B. and Bhatnagar, V. and Chawla, R. and Gupta, R. and Bhawandeep, U. and Kalsi, A. K. and Kaur, A. and Kaur, M. and Kumar, R. and Mehta, A. and Mittal, M. and Singh, J. B. and Walia, G. and Kumar, Ashok and Bhardwaj, A. and Choudhary, B. C. and Garg, R. B. and Malhotra, S. and Naimuddin, M. and Nishu, N. and Ranjan, K. and Sharma, R. and Sharma, V. and Bhattacharya, S. and Chatterjee, K. and Dey, S. and Dutta, S. and Jain, Sa. and Majumdar, N. and Modak, A. and Mondal, K. and Mukhopadhyay, S. and Roy, A. and Roy, D. and Roy Chowdhury, S. and Sarkar, S. and Sharan, M. and Abdulsalam, A. and Chudasama, R. and Dutta, D. and Jha, V. and Kumar, V. and Mohanty, A. K. and Pant, L. M. and Shukla, P. and Topkar, A. and Aziz, T. and Banerjee, S. and Bhowmik, S. and Chatterjee, R. M. and Dewanjee, R. K. and Dugad, S. and Ganguly, S. and Ghosh, S. and Guchait, M. and Gurtu, A. and Kole, G. and Kumar, S. and Mahakud, B. and Maity, M. and Majumder, G. and Mazumdar, K. and Mitra, S. and Mohanty, G. B. and Parida, B. and Sarkar, T. and Sur, N. and Sutar, B. and Wickramage, N. and Chauhan, S. and Dube, S. and Kapoor, A. and Kothekar, K. and Sharma, S. and Bakhshiansohi, H. and Behnamian, H. and Etesami, S. M. and Fahim, A. and Goldouzian, R. and Khakzad, M. and Mohammadi Najafabadi, M. and Naseri, M. and Paktinat Mehdiabadi, S. and Rezaei Hosseinabadi, F. and Safarzadeh, B. and Zeinali, M. and Felcini, M. and Grunewald, M. and Abbrescia, M. and Calabria, C. and Caputo, C. and Colaleo, A. and Creanza, D. and Cristella, L. and De Filippis, N. and De Palma, M. and Fiore, L. and Iaselli, G. and Maggi, G. and Maggi, M. and Miniello, G. and My, S. and Nuzzo, S. and Pompili, A. and Pugliese, G. and Radogna, R. and Ranieri, A. and Selvaggi, G. and Silvestris, L. and Venditti, R. and Abbiendi, G. and Battilana, C. and Benvenuti, A. C. and Bonacorsi, D. and Braibant-Giacomelli, S. and Brigliadori, L. and Campanini, R. and Capiluppi, P. and Castro, A. and Cavallo, F. R. and Chhibra, S. S. and Codispoti, G. and Cuffiani, M. and Dallavalle, G. M. and Fabbri, F. and Fanfani, A. and Fasanella, D. and Giacomelli, P. and Grandi, C. and Guiducci, L. and Marcellini, S. and Masetti, G. and Montanari, A. and Navarria, F. L. and Perrotta, A. and Rossi, A. M. and Rovelli, T. and Siroli, G. P. and Tosi, N. and Travaglini, R. and Cappello, G. and Chiorboli, M. and Costa, S. and Di Mattia, A. and Giordano, F. and Potenza, R. and Tricomi, A. and Tuve, C. and Barbagli, G. and Ciulli, V. and Civinini, C. and D'Alessandro, R. and Focardi, E. and Gori, V. and Lenzi, P. and Meschini, M. and Paoletti, S. and Sguazzoni, G. and Viliani, L. and Benussi, L. and Bianco, S. and Fabbri, F. and Piccolo, D. and Primavera, F. and Calvelli, V. and Ferro, F. and Lo Vetere, M. and Monge, M. R. and Robutti, E. and Tosi, S. and Brianza, L. and Dinardo, M. E. and Fiorendi, S. and Gennai, S. and Gerosa, R. and Ghezzi, A. and Govoni, P. and Malvezzi, S. and Manzoni, R. A. and Marzocchi, B. and Menasce, D. and Moroni, L. and Paganoni, M. and Pedrini, D. and Ragazzi, S. and Redaelli, N. and Tabarelli de Fatis, T. and Buontempo, S. and Cavallo, N. and Di Guida, S. and Esposito, M. and Fabozzi, F. and Iorio, A. O. M. and Lanza, G. and Lista, L. and Meola, S. and Merola, M. and Paolucci, P. and Sciacca, C. and Thyssen, F. and Azzi, P. and Bacchetta, N. and Benato, L. and Bisello, D. and Boletti, A. and Branca, A. and Carlin, R. and Checchia, P. and Dall'Osso, M. and Dorigo, T. and Dosselli, U. and Gasparini, F. and Gasparini, U. and Gonella, F. and Gozzelino, A. and Kanishchev, K. and Lacaprara, S. and Margoni, M. and Meneguzzo, A. T. and Pazzini, J. and Pozzobon, N. and Ronchese, P. and Simonetto, F. and Torassa, E. and Tosi, M. and Zanetti, M. and Zotto, P. and Zucchetta, A. and Zumerle, G. and Braghieri, A. and Magnani, A. and Montagna, P. and Ratti, S. P. and Re, V. and Riccardi, C. and Salvini, P. and Vai, I. and Vitulo, P. and Alunni Solestizi, L. and Bilei, G. M. and Ciangottini, D. and Fan\`o, L. and Lariccia, P. and Mantovani, G. and Menichelli, M. and Saha, A. and Santocchia, A. and Androsov, K. and Azzurri, P. and Bagliesi, G. and Bernardini, J. and Boccali, T. and Castaldi, R. and Ciocci, M. A. and Dell'Orso, R. and Donato, S. and Fedi, G. and Fo\`a, L. and Giassi, A. and Grippo, M. T. and Ligabue, F. and Lomtadze, T. and Martini, L. and Messineo, A. and Palla, F. and Rizzi, A. and Savoy-Navarro, A. and Serban, A. T. and Spagnolo, P. and Tenchini, R. and Tonelli, G. and Venturi, A. and Verdini, P. G. and Barone, L. and Cavallari, F. and D'imperio, G. and Del Re, D. and Diemoz, M. and Gelli, S. and Jorda, C. and Longo, E. and Margaroli, F. and Meridiani, P. and Organtini, G. and Paramatti, R. and Preiato, F. and Rahatlou, S. and Rovelli, C. and Santanastasio, F. and Traczyk, P. and Amapane, N. and Arcidiacono, R. and Argiro, S. and Arneodo, M. and Bellan, R. and Biino, C. and Cartiglia, N. and Costa, M. and Covarelli, R. and Degano, A. and Demaria, N. and Finco, L. and Kiani, B. and Mariotti, C. and Maselli, S. and Migliore, E. and Monaco, V. and Monteil, E. and Obertino, M. M. and Pacher, L. and Pastrone, N. and Pelliccioni, M. and Pinna Angioni, G. L. and Ravera, F. and Romero, A. and Ruspa, M. and Sacchi, R. and Solano, A. and Staiano, A. and Belforte, S. and Candelise, V. and Casarsa, M. and Cossutti, F. and Della Ricca, G. and Gobbo, B. and La Licata, C. and Marone, M. and Schizzi, A. and Zanetti, A. and Kropivnitskaya, A. and Nam, S. K. and Kim, D. H. and Kim, G. N. and Kim, M. S. and Kong, D. J. and Lee, S. and Oh, Y. D. and Sakharov, A. and Son, D. C. and Brochero Cifuentes, J. A. and Kim, H. and Kim, T. J. and Song, S. and Choi, S. and Go, Y. and Gyun, D. and Hong, B. and Kim, H. and Kim, Y. and Lee, B. and Lee, K. and Lee, K. S. and Lee, S. and Park, S. K. and Roh, Y. and Yoo, H. D. and Choi, M. and Kim, H. and Kim, J. H. and Lee, J. S. H. and Park, I. C. and Ryu, G. and Ryu, M. S. and Choi, Y. and Goh, J. and Kim, D. and Kwon, E. and Lee, J. and Yu, I. and Dudenas, V. and Juodagalvis, A. and Vaitkus, J. and Ahmed, I. and Ibrahim, Z. A. and Komaragiri, J. R. and Md Ali, M. A. B. and Mohamad Idris, F. and Wan Abdullah, W. A. T. and Yusli, M. N. and Casimiro Linares, E. and Castilla-Valdez, H. and De La Cruz-Burelo, E. and Heredia-De La Cruz, I. and Hernandez-Almada, A. and Lopez-Fernandez, R. and Sanchez-Hernandez, A. and Carrillo Moreno, S. and Vazquez Valencia, F. and Pedraza, I. and Salazar Ibarguen, H. A. and Morelos Pineda, A. and Krofcheck, D. and Butler, P. H. and Ahmad, A. and Ahmad, M. and Hassan, Q. and Hoorani, H. R. and Khan, W. A. and Khurshid, T. and Shoaib, M. and Bialkowska, H. and Bluj, M. and Boimska, B. and Frueboes, T. and G\'orski, M. and Kazana, M. and Nawrocki, K. and Romanowska-Rybinska, K. and Szleper, M. and Zalewski, P. and Brona, G. and Bunkowski, K. and Byszuk, A. and Doroba, K. and Kalinowski, A. and Konecki, M. and Krolikowski, J. and Misiura, M. and Olszewski, M. and Walczak, M. and Bargassa, P. and Beir\~ao Da Cruz E Silva, C. and Di Francesco, A. and Faccioli, P. and Ferreira Parracho, P. G. and Gallinaro, M. and Leonardo, N. and Lloret Iglesias, L. and Nguyen, F. and Rodrigues Antunes, J. and Seixas, J. and Toldaiev, O. and Vadruccio, D. and Varela, J. and Vischia, P. and Afanasiev, S. and Bunin, P. and Gavrilenko, M. and Golutvin, I. and Gorbunov, I. and Kamenev, A. and Karjavin, V. and Lanev, A. and Malakhov, A. and Matveev, V. and Moisenz, P. and Palichik, V. and Perelygin, V. and Shmatov, S. and Shulha, S. and Skatchkov, N. and Smirnov, V. and Zarubin, A. and Golovtsov, V. and Ivanov, Y. and Kim, V. and Kuznetsova, E. and Levchenko, P. and Murzin, V. and Oreshkin, V. and Smirnov, I. and Sulimov, V. and Uvarov, L. and Vavilov, S. and Vorobyev, A. and Andreev, Yu. and Dermenev, A. and Gninenko, S. and Golubev, N. and Karneyeu, A. and Kirsanov, M. and Krasnikov, N. and Pashenkov, A. and Tlisov, D. and Toropin, A. and Epshteyn, V. and Gavrilov, V. and Lychkovskaya, N. and Popov, V. and Pozdnyakov, I. and Safronov, G. and Spiridonov, A. and Vlasov, E. and Zhokin, A. and Bylinkin, A. and Andreev, V. and Azarkin, M. and Dremin, I. and Kirakosyan, M. and Leonidov, A. and Mesyats, G. and Rusakov, S. V. and Baskakov, A. and Belyaev, A. and Boos, E. and Ershov, A. and Gribushin, A. and Khein, L. and Klyukhin, V. and Kodolova, O. and Lokhtin, I. and Lukina, O. and Myagkov, I. and Obraztsov, S. and Petrushanko, S. and Savrin, V. and Snigirev, A. and Azhgirey, I. and Bayshev, I. and Bitioukov, S. and Kachanov, V. and Kalinin, A. and Konstantinov, D. and Krychkine, V. and Petrov, V. and Ryutin, R. and Sobol, A. and Tourtchanovitch, L. and Troshin, S. and Tyurin, N. and Uzunian, A. and Volkov, A. and Adzic, P. and Cirkovic, P. and Milosevic, J. and Rekovic, V. and Alcaraz Maestre, J. and Calvo, E. and Cerrada, M. and Chamizo Llatas, M. and Colino, N. and De La Cruz, B. and Delgado Peris, A. and Escalante Del Valle, A. and Fernandez Bedoya, C. and Fern\'andez Ramos, J. P. and Flix, J. and Fouz, M. C. and Garcia-Abia, P. and Gonzalez Lopez, O. and Goy Lopez, S. and Hernandez, J. M. and Josa, M. I. and Navarro De Martino, E. and P\'erez-Calero Yzquierdo, A. and Puerta Pelayo, J. and Quintario Olmeda, A. and Redondo, I. and Romero, L. and Santaolalla, J. and Soares, M. S. and Albajar, C. and de Troc\'oniz, J. F. and Missiroli, M. and Moran, D. and Cuevas, J. and Fernandez Menendez, J. and Folgueras, S. and Gonzalez Caballero, I. and Palencia Cortezon, E. and Vizan Garcia, J. M. and Cabrillo, I. J. and Calderon, A. and Casti\~neiras De Saa, J. R. and De Castro Manzano, P. and Fernandez, M. and Garcia-Ferrero, J. and Gomez, G. and Lopez Virto, A. and Marco, J. and Marco, R. and Martinez Rivero, C. and Matorras, F. and Piedra Gomez, J. and Rodrigo, T. and Rodr\'{\i}guez-Marrero, A. Y. and Ruiz-Jimeno, A. and Scodellaro, L. and Trevisani, N. and Vila, I. and Vilar Cortabitarte, R. and Abbaneo, D. and Auffray, E. and Auzinger, G. and Bachtis, M. and Baillon, P. and Ball, A. H. and Barney, D. and Benaglia, A. and Bendavid, J. and Benhabib, L. and Benitez, J. F. and Berruti, G. M. and Bloch, P. and Bocci, A. and Bonato, A. and Botta, C. and Breuker, H. and Camporesi, T. and Castello, R. and Cerminara, G. and D'Alfonso, M. and d'Enterria, D. and Dabrowski, A. and Daponte, V. and David, A. and De Gruttola, M. and De Guio, F. and De Roeck, A. and De Visscher, S. and Di Marco, E. and Dobson, M. and Dordevic, M. and Dorney, B. and du Pree, T. and Duggan, D. and D\"unser, M. and Dupont, N. and Elliott-Peisert, A. and Franzoni, G. and Fulcher, J. and Funk, W. and Gigi, D. and Gill, K. and Giordano, D. and Girone, M. and Glege, F. and Guida, R. and Gundacker, S. and Guthoff, M. and Hammer, J. and Harris, P. and Hegeman, J. and Innocente, V. and Janot, P. and Kirschenmann, H. and Kortelainen, M. J. and Kousouris, K. and Krajczar, K. and Lecoq, P. and Louren\ifmmode \mbox{\c{c}}\else \c{c}\fi{}o, C. and Lucchini, M. T. and Magini, N. and Malgeri, L. and Mannelli, M. and Martelli, A. and Masetti, L. and Meijers, F. and Mersi, S. and Meschi, E. and Moortgat, F. and Morovic, S. and Mulders, M. and Nemallapudi, M. V. and Neugebauer, H. and Orfanelli, S. and Orsini, L. and Pape, L. and Perez, E. and Peruzzi, M. and Petrilli, A. and Petrucciani, G. and Pfeiffer, A. and Pierini, M. and Piparo, D. and Racz, A. and Reis, T. and Rolandi, G. and Rovere, M. and Ruan, M. and Sakulin, H. and Sch\"afer, C. and Schwick, C. and Seidel, M. and Sharma, A. and Silva, P. and Simon, M. and Sphicas, P. and Steggemann, J. and Stieger, B. and Stoye, M. and Takahashi, Y. and Treille, D. and Triossi, A. and Tsirou, A. and Veres, G. I. and Wardle, N. and W\"ohri, H. K. and Zagozdzinska, A. and Zeuner, W. D. and Bertl, W. and Deiters, K. and Erdmann, W. and Horisberger, R. and Ingram, Q. and Kaestli, H. C. and Kotlinski, D. and Langenegger, U. and Renker, D. and Rohe, T. and Bachmair, F. and B\"ani, L. and Bianchini, L. and Casal, B. and Dissertori, G. and Dittmar, M. and Doneg\`a, M. and Eller, P. and Grab, C. and Heidegger, C. and Hits, D. and Hoss, J. and Kasieczka, G. and Lustermann, W. and Mangano, B. and Marionneau, M. and Martinez Ruiz del Arbol, P. and Masciovecchio, M. and Meister, D. and Micheli, F. and Musella, P. and Nessi-Tedaldi, F. and Pandolfi, F. and Pata, J. and Pauss, F. and Perrozzi, L. and Quittnat, M. and Rossini, M. and Sch\"onenberger, M. and Starodumov, A. and Takahashi, M. and Tavolaro, V. R. and Theofilatos, K. and Wallny, R. and Aarrestad, T. K. and Amsler, C. and Caminada, L. and Canelli, M. F. and Chiochia, V. and De Cosa, A. and Galloni, C. and Hinzmann, A. and Hreus, T. and Kilminster, B. and Lange, C. and Ngadiuba, J. and Pinna, D. and Rauco, G. and Robmann, P. and Ronga, F. J. and Salerno, D. and Yang, Y. and Cardaci, M. and Chen, K. H. and Doan, T. H. and Jain, Sh. and Khurana, R. and Konyushikhin, M. and Kuo, C. M. and Lin, W. and Lu, Y. J. and Pozdnyakov, A. and Yu, S. S. and Kumar, Arun and Bartek, R. and Chang, P. and Chang, Y. H. and Chang, Y. W. and Chao, Y. and Chen, K. F. and Chen, P. H. and Dietz, C. and Fiori, F. and Grundler, U. and Hou, W.-S. and Hsiung, Y. and Liu, Y. F. and Lu, R.-S. and Mi\~nano Moya, M. and Petrakou, E. and Tsai, J. f. and Tzeng, Y. M. and Asavapibhop, B. and Kovitanggoon, K. and Singh, G. and Srimanobhas, N. and Suwonjandee, N. and Adiguzel, A. and Cerci, S. and Demiroglu, Z. S. and Dozen, C. and Dumanoglu, I. and Gecit, F. H. and Girgis, S. and Gokbulut, G. and Guler, Y. and Gurpinar, E. and Hos, I. and Kangal, E. E. and Kayis Topaksu, A. and Onengut, G. and Ozcan, M. and Ozdemir, K. and Ozturk, S. and Tali, B. and Topakli, H. and Vergili, M. and Zorbilmez, C. and Akin, I. V. and Bilin, B. and Bilmis, S. and Isildak, B. and Karapinar, G. and Yalvac, M. and Zeyrek, M. and G\"ulmez, E. and Kaya, M. and Kaya, O. and Yetkin, E. A. and Yetkin, T. and Cakir, A. and Cankocak, K. and Sen, S. and Vardarl\ifmmode \imath \else \i \fi{}, F. I. and Grynyov, B. and Levchuk, L. and Sorokin, P. and Aggleton, R. and Ball, F. and Beck, L. and Brooke, J. J. and Clement, E. and Cussans, D. and Flacher, H. and Goldstein, J. and Grimes, M. and Heath, G. P. and Heath, H. F. and Jacob, J. and Kreczko, L. and Lucas, C. and Meng, Z. and Newbold, D. M. and Paramesvaran, S. and Poll, A. and Sakuma, T. and Seif El Nasr-storey, S. and Senkin, S. and Smith, D. and Smith, V. J. and Bell, K. W. and Belyaev, A. and Brew, C. and Brown, R. M. and Calligaris, L. and Cieri, D. and Cockerill, D. J. A. and Coughlan, J. A. and Harder, K. and Harper, S. and Olaiya, E. and Petyt, D. and Shepherd-Themistocleous, C. H. and Thea, A. and Tomalin, I. R. and Williams, T. and Worm, S. D. and Baber, M. and Bainbridge, R. and Buchmuller, O. and Bundock, A. and Burton, D. and Casasso, S. and Citron, M. and Colling, D. and Corpe, L. and Dauncey, P. and Davies, G. and De Wit, A. and Della Negra, M. and Dunne, P. and Elwood, A. and Futyan, D. and Hall, G. and Iles, G. and Lane, R. and Lucas, R. and Lyons, L. and Magnan, A.-M. and Malik, S. and Nash, J. and Nikitenko, A. and Pela, J. and Pesaresi, M. and Petridis, K. and Raymond, D. M. and Richards, A. and Rose, A. and Seez, C. and Tapper, A. and Uchida, K. and Vazquez Acosta, M. and Virdee, T. and Zenz, S. C. and Cole, J. E. and Hobson, P. R. and Khan, A. and Kyberd, P. and Leggat, D. and Leslie, D. and Reid, I. D. and Symonds, P. and Teodorescu, L. and Turner, M. and Borzou, A. and Call, K. and Dittmann, J. and Hatakeyama, K. and Liu, H. and Pastika, N. and Charaf, O. and Cooper, S. I. and Henderson, C. and Rumerio, P. and Arcaro, D. and Avetisyan, A. and Bose, T. and Fantasia, C. and Gastler, D. and Lawson, P. and Rankin, D. and Richardson, C. and Rohlf, J. and St. John, J. and Sulak, L. and Zou, D. and Alimena, J. and Berry, E. and Cutts, D. and Ferapontov, A. and Garabedian, A. and Hakala, J. and Heintz, U. and Laird, E. and Landsberg, G. and Mao, Z. and Narain, M. and Piperov, S. and Sagir, S. and Syarif, R. and Breedon, R. and Breto, G. and Calderon De La Barca Sanchez, M. and Chauhan, S. and Chertok, M. and Conway, J. and Conway, R. and Cox, P. T. and Erbacher, R. and Funk, G. and Gardner, M. and Ko, W. and Lander, R. and Mclean, C. and Mulhearn, M. and Pellett, D. and Pilot, J. and Ricci-Tam, F. and Shalhout, S. and Smith, J. and Squires, M. and Stolp, D. and Tripathi, M. and Wilbur, S. and Yohay, R. and Cousins, R. and Everaerts, P. and Florent, A. and Hauser, J. and Ignatenko, M. and Saltzberg, D. and Takasugi, E. and Valuev, V. and Weber, M. and Burt, K. and Clare, R. and Ellison, J. and Gary, J. W. and Hanson, G. and Heilman, J. and Ivova PANEVA, M. and Jandir, P. and Kennedy, E. and Lacroix, F. and Long, O. R. and Luthra, A. and Malberti, M. and Olmedo Negrete, M. and Shrinivas, A. and Wei, H. and Wimpenny, S. and Yates, B. R. and Branson, J. G. and Cerati, G. B. and Cittolin, S. and D'Agnolo, R. T. and Derdzinski, M. and Holzner, A. and Kelley, R. and Klein, D. and Letts, J. and Macneill, I. and Olivito, D. and Padhi, S. and Pieri, M. and Sani, M. and Sharma, V. and Simon, S. and Tadel, M. and Vartak, A. and Wasserbaech, S. and Welke, C. and W\"urthwein, F. and Yagil, A. and Zevi Della Porta, G. and Bradmiller-Feld, J. and Campagnari, C. and Dishaw, A. and Dutta, V. and Flowers, K. and Franco Sevilla, M. and Geffert, P. and George, C. and Golf, F. and Gouskos, L. and Gran, J. and Incandela, J. and Mccoll, N. and Mullin, S. D. and Richman, J. and Stuart, D. and Suarez, I. and West, C. and Yoo, J. and Anderson, D. and Apresyan, A. and Bornheim, A. and Bunn, J. and Chen, Y. and Duarte, J. and Mott, A. and Newman, H. B. and Pena, C. and Spiropulu, M. and Vlimant, J. R. and Xie, S. and Zhu, R. Y. and Andrews, M. B. and Azzolini, V. and Calamba, A. and Carlson, B. and Ferguson, T. and Paulini, M. and Russ, J. and Sun, M. and Vogel, H. and Vorobiev, I. and Cumalat, J. P. and Ford, W. T. and Gaz, A. and Jensen, F. and Johnson, A. and Krohn, M. and Mulholland, T. and Nauenberg, U. and Stenson, K. and Wagner, S. R. and Alexander, J. and Chatterjee, A. and Chaves, J. and Chu, J. and Dittmer, S. and Eggert, N. and Mirman, N. and Nicolas Kaufman, G. and Patterson, J. R. and Rinkevicius, A. and Ryd, A. and Skinnari, L. and Soffi, L. and Sun, W. and Tan, S. M. and Teo, W. D. and Thom, J. and Thompson, J. and Tucker, J. and Weng, Y. and Wittich, P. and Abdullin, S. and Albrow, M. and Apollinari, G. and Banerjee, S. and Bauerdick, L. A. T. and Beretvas, A. and Berryhill, J. and Bhat, P. C. and Bolla, G. and Burkett, K. and Butler, J. N. and Cheung, H. W. K. and Chlebana, F. and Cihangir, S. and Elvira, V. D. and Fisk, I. and Freeman, J. and Gottschalk, E. and Gray, L. and Green, D. and Gr\"unendahl, S. and Gutsche, O. and Hanlon, J. and Hare, D. and Harris, R. M. and Hasegawa, S. and Hirschauer, J. and Hu, Z. and Jayatilaka, B. and Jindariani, S. and Johnson, M. and Joshi, U. and Klima, B. and Kreis, B. and Lammel, S. and Linacre, J. and Lincoln, D. and Lipton, R. and Liu, T. and Lopes De S\'a, R. and Lykken, J. and Maeshima, K. and Marraffino, J. M. and Maruyama, S. and Mason, D. and McBride, P. and Merkel, P. and Mrenna, S. and Nahn, S. and Newman-Holmes, C. and O'Dell, V. and Pedro, K. and Prokofyev, O. and Rakness, G. and Sexton-Kennedy, E. and Soha, A. and Spalding, W. J. and Spiegel, L. and Strobbe, N. and Taylor, L. and Tkaczyk, S. and Tran, N. V. and Uplegger, L. and Vaandering, E. W. and Vernieri, C. and Verzocchi, M. and Vidal, R. and Weber, H. A. and Whitbeck, A. and Acosta, D. and Avery, P. and Bortignon, P. and Bourilkov, D. and Carnes, A. and Carver, M. and Curry, D. and Das, S. and Field, R. D. and Furic, I. K. and Gleyzer, S. V. and Konigsberg, J. and Korytov, A. and Kotov, K. and Ma, P. and Matchev, K. and Mei, H. and Milenovic, P. and Mitselmakher, G. and Rank, D. and Rossin, R. and Shchutska, L. and Snowball, M. and Sperka, D. and Terentyev, N. and Thomas, L. and Wang, J. and Wang, S. and Yelton, J. and Hewamanage, S. and Linn, S. and Markowitz, P. and Martinez, G. and Rodriguez, J. L. and Ackert, A. and Adams, J. R. and Adams, T. and Askew, A. and Bein, S. and Bochenek, J. and Diamond, B. and Haas, J. and Hagopian, S. and Hagopian, V. and Johnson, K. F. and Khatiwada, A. and Prosper, H. and Weinberg, M. and Baarmand, M. M. and Bhopatkar, V. and Colafranceschi, S. and Hohlmann, M. and Kalakhety, H. and Noonan, D. and Roy, T. and Yumiceva, F. and Adams, M. R. and Apanasevich, L. and Berry, D. and Betts, R. R. and Bucinskaite, I. and Cavanaugh, R. and Evdokimov, O. and Gauthier, L. and Gerber, C. E. and Hofman, D. J. and Kurt, P. and O'Brien, C. and Sandoval Gonzalez, I. D. and Turner, P. and Varelas, N. and Wu, Z. and Zakaria, M. and Bilki, B. and Clarida, W. and Dilsiz, K. and Durgut, S. and Gandrajula, R. P. and Haytmyradov, M. and Khristenko, V. and Merlo, J.-P. and Mermerkaya, H. and Mestvirishvili, A. and Moeller, A. and Nachtman, J. and Ogul, H. and Onel, Y. and Ozok, F. and Penzo, A. and Snyder, C. and Tiras, E. and Wetzel, J. and Yi, K. and Anderson, I. and Barnett, B. A. and Blumenfeld, B. and Eminizer, N. and Fehling, D. and Feng, L. and Gritsan, A. V. and Maksimovic, P. and Martin, C. and Osherson, M. and Roskes, J. and Sady, A. and Sarica, U. and Swartz, M. and Xiao, M. and Xin, Y. and You, C. and Baringer, P. and Bean, A. and Benelli, G. and Bruner, C. and Kenny, R. P. and Majumder, D. and Malek, M. and Murray, M. and Sanders, S. and Stringer, R. and Wang, Q. and Ivanov, A. and Kaadze, K. and Khalil, S. and Makouski, M. and Maravin, Y. and Mohammadi, A. and Saini, L. K. and Skhirtladze, N. and Toda, S. and Lange, D. and Rebassoo, F. and Wright, D. and Anelli, C. and Baden, A. and Baron, O. and Belloni, A. and Calvert, B. and Eno, S. C. and Ferraioli, C. and Gomez, J. A. and Hadley, N. J. and Jabeen, S. and Kellogg, R. G. and Kolberg, T. and Kunkle, J. and Lu, Y. and Mignerey, A. C. and Shin, Y. H. and Skuja, A. and Tonjes, M. B. and Tonwar, S. C. and Apyan, A. and Barbieri, R. and Baty, A. and Bierwagen, K. and Brandt, S. and Busza, W. and Cali, I. A. and Demiragli, Z. and Di Matteo, L. and Gomez Ceballos, G. and Goncharov, M. and Gulhan, D. and Iiyama, Y. and Innocenti, G. M. and Klute, M. and Kovalskyi, D. and Lai, Y. S. and Lee, Y.-J. and Levin, A. and Luckey, P. D. and Marini, A. C. and Mcginn, C. and Mironov, C. and Narayanan, S. and Niu, X. and Paus, C. and Roland, C. and Roland, G. and Salfeld-Nebgen, J. and Stephans, G. S. F. and Sumorok, K. and Varma, M. and Velicanu, D. and Veverka, J. and Wang, J. and Wang, T. W. and Wyslouch, B. and Yang, M. and Zhukova, V. and Dahmes, B. and Evans, A. and Finkel, A. and Gude, A. and Hansen, P. and Kalafut, S. and Kao, S. C. and Klapoetke, K. and Kubota, Y. and Lesko, Z. and Mans, J. and Nourbakhsh, S. and Ruckstuhl, N. and Rusack, R. and Tambe, N. and Turkewitz, J. and Acosta, J. G. and Oliveros, S. and Avdeeva, E. and Bloom, K. and Bose, S. and Claes, D. R. and Dominguez, A. and Fangmeier, C. and Gonzalez Suarez, R. and Kamalieddin, R. and Knowlton, D. and Kravchenko, I. and Meier, F. and Monroy, J. and Ratnikov, F. and Siado, J. E. and Snow, G. R. and Alyari, M. and Dolen, J. and George, J. and Godshalk, A. and Harrington, C. and Iashvili, I. and Kaisen, J. and Kharchilava, A. and Kumar, A. and Rappoccio, S. and Roozbahani, B. and Alverson, G. and Barberis, E. and Baumgartel, D. and Chasco, M. and Hortiangtham, A. and Massironi, A. and Morse, D. M. and Nash, D. and Orimoto, T. and Teixeira De Lima, R. and Trocino, D. and Wang, R.-J. and Wood, D. and Zhang, J. and Bhattacharya, S. and Hahn, K. A. and Kubik, A. and Low, J. F. and Mucia, N. and Odell, N. and Pollack, B. and Schmitt, M. and Stoynev, S. and Sung, K. and Trovato, M. and Velasco, M. and Brinkerhoff, A. and Dev, N. and Hildreth, M. and Jessop, C. and Karmgard, D. J. and Kellams, N. and Lannon, K. and Marinelli, N. and Meng, F. and Mueller, C. and Musienko, Y. and Planer, M. and Reinsvold, A. and Ruchti, R. and Smith, G. and Taroni, S. and Valls, N. and Wayne, M. and Wolf, M. and Woodard, A. and Antonelli, L. and Brinson, J. and Bylsma, B. and Durkin, L. S. and Flowers, S. and Hart, A. and Hill, C. and Hughes, R. and Ji, W. and Ling, T. Y. and Liu, B. and Luo, W. and Puigh, D. and Rodenburg, M. and Winer, B. L. and Wulsin, H. W. and Driga, O. and Elmer, P. and Hardenbrook, J. and Hebda, P. and Koay, S. A. and Lujan, P. and Marlow, D. and Medvedeva, T. and Mooney, M. and Olsen, J. and Palmer, C. and Pirou\'e, P. and Saka, H. and Stickland, D. and Tully, C. and Zuranski, A. and Malik, S. and Barker, A. and Barnes, V. E. and Benedetti, D. and Bortoletto, D. and Gutay, L. and Jha, M. K. and Jones, M. and Jung, A. W. and Jung, K. and Kumar, A. and Miller, D. H. and Neumeister, N. and Radburn-Smith, B. C. and Shi, X. and Shipsey, I. and Silvers, D. and Sun, J. and Svyatkovskiy, A. and Wang, F. and Xie, W. and Xu, L. and Parashar, N. and Stupak, J. and Adair, A. and Akgun, B. and Chen, Z. and Ecklund, K. M. and Geurts, F. J. M. and Guilbaud, M. and Li, W. and Michlin, B. and Northup, M. and Padley, B. P. and Redjimi, R. and Roberts, J. and Rorie, J. and Tu, Z. and Zabel, J. and Betchart, B. and Bodek, A. and de Barbaro, P. and Demina, R. and Eshaq, Y. and Ferbel, T. and Galanti, M. and Garcia-Bellido, A. and Han, J. and Harel, A. and Hindrichs, O. and Khukhunaishvili, A. and Petrillo, G. and Tan, P. and Verzetti, M. and Arora, S. and Chou, J. P. and Contreras-Campana, C. and Contreras-Campana, E. and Ferencek, D. and Gershtein, Y. and Gray, R. and Halkiadakis, E. and Hidas, D. and Hughes, E. and Kaplan, S. and Kunnawalkam Elayavalli, R. and Lath, A. and Nash, K. and Panwalkar, S. and Park, M. and Salur, S. and Schnetzer, S. and Sheffield, D. and Somalwar, S. and Stone, R. and Thomas, S. and Thomassen, P. and Walker, M. and Foerster, M. and Riley, G. and Rose, K. and Spanier, S. and Bouhali, O. and Castaneda Hernandez, A. and Celik, A. and Dalchenko, M. and De Mattia, M. and Delgado, A. and Dildick, S. and Eusebi, R. and Gilmore, J. and Huang, T. and Kamon, T. and Krutelyov, V. and Mueller, R. and Osipenkov, I. and Pakhotin, Y. and Patel, R. and Perloff, A. and Rose, A. and Safonov, A. and Tatarinov, A. and Ulmer, K. A. and Akchurin, N. and Cowden, C. and Damgov, J. and Dragoiu, C. and Dudero, P. R. and Faulkner, J. and Kunori, S. and Lamichhane, K. and Lee, S. W. and Libeiro, T. and Undleeb, S. and Volobouev, I. and Appelt, E. and Delannoy, A. G. and Greene, S. and Gurrola, A. and Janjam, R. and Johns, W. and Maguire, C. and Mao, Y. and Melo, A. and Ni, H. and Sheldon, P. and Tuo, S. and Velkovska, J. and Xu, Q. and Arenton, M. W. and Cox, B. and Francis, B. and Goodell, J. and Hirosky, R. and Ledovskoy, A. and Li, H. and Lin, C. and Neu, C. and Sinthuprasith, T. and Sun, X. and Wang, Y. and Wolfe, E. and Wood, J. and Xia, F. and Clarke, C. and Harr, R. and Karchin, P. E. and Kottachchi Kankanamge Don, C. and Lamichhane, P. and Sturdy, J. and Belknap, D. A. and Carlsmith, D. and Cepeda, M. and Dasu, S. and Dodd, L. and Duric, S. and Gomber, B. and Grothe, M. and Hall-Wilton, R. and Herndon, M. and Herv\'e, A. and Klabbers, P. and Lanaro, A. and Levine, A. and Long, K. and Loveless, R. and Mohapatra, A. and Ojalvo, I. and Perry, T. and Pierro, G. A. and Polese, G. and Ruggles, T. and Sarangi, T. and Savin, A. and Sharma, A. and Smith, N. and Smith, W. H. and Taylor, D. and Verwilligen, P. and Woods, N.},
  collaboration = {CMS Collaboration},
  journal = {Phys. Rev. Lett.},
  volume = {116},
  issue = {17},
  pages = {172302},
  numpages = {19},
  year = {2016},
  month = {Apr},
  publisher = {American Physical Society},
  doi = {10.1103/PhysRevLett.116.172302},
  url = {https://link.aps.org/doi/10.1103/PhysRevLett.116.172302}
}

@article{KARPENKO20143016,
title = "A 3+1 dimensional viscous hydrodynamic code for relativistic heavy ion collisions",
journal = "Computer Physics Communications",
volume = "185",
number = "11",
pages = "3016 - 3027",
year = "2014",
issn = "0010-4655",
doi = "https://doi.org/10.1016/j.cpc.2014.07.010",
url = "http://www.sciencedirect.com/science/article/pii/S0010465514002537",
author = "Iu. Karpenko and P. Huovinen and M. Bleicher",
keywords = "Quark–gluon plasma, Hydrodynamics, Relativity",
abstract = "We describe the details of 3+1 dimensional relativistic hydrodynamic code for the simulations of quark–gluon/hadron matter expansion in ultra-relativistic heavy ion collisions. The code solves the equations of relativistic viscous hydrodynamics in the Israel–Stewart framework. With the help of ideal–viscous splitting, we keep the ability to solve the equations of ideal hydrodynamics in the limit of zero viscosities using a Godunov-type algorithm. Milne coordinates are used to treat the predominant expansion in longitudinal (beam) direction effectively. The results are successfully tested against known analytical relativistic inviscid and viscous solutions, as well as against existing 2+1D relativistic viscous code.
Program summary
Program title: vHLLE Catalogue identifier: AETZ_v1_0 Program summary URL:http://cpc.cs.qub.ac.uk/summaries/AETZ_v1_0.html Program obtainable from: CPC Program Library, Queen’s University, Belfast, N. Ireland Licensing provisions: Standard CPC licence, http://cpc.cs.qub.ac.uk/licence/licence.html No. of lines in distributed program, including test data, etc.: 13825 No. of bytes in distributed program, including test data, etc.: 92750 Distribution format: tar.gz Programming language: C++. Computer: any with a C++ compiler and the CERN ROOT libraries. Operating system: tested on GNU/Linux Ubuntu 12.04 x64 (gcc 4.6.3), GNU/Linux Ubuntu 13.10 (gcc 4.8.2), Red Hat Linux 6 (gcc 4.4.7). RAM: scales with the number of cells in hydrodynamic grid; 1900 Mbytes for 3D 160×160×100 grid. Classification: 1.5, 4.3, 12. External routines: CERN ROOT (http://root.cern.ch), Gnuplot (http://www.gnuplot.info/) for plotting the results. Nature of problem: relativistic hydrodynamical description of the 3-dimensional quark–gluon/hadron matter expansion in ultra-relativistic heavy ion collisions. Solution method: finite volume Godunov-type method. Running time: scales with the number of hydrodynamic cells; typical running times on Intel(R) Core(TM) i7-3770 CPU @ 3.40 GHz, single thread mode, 160×160×100 grid and p=ε/3 EoS (setup discussed in Sec. 4.4): 7.6 sec/timestep for ideal hydro evolution; 15.7 sec/timestep for viscous hydro evolution; 37 sec/timestep for tabulated EoS and ideal hydro evolution."
}

@article{2017193,
title = "Evidence for collectivity in pp collisions at the LHC",
journal = "Physics Letters B",
volume = "765",
pages = "193 - 220",
year = "2017",
issn = "0370-2693",
doi = "https://doi.org/10.1016/j.physletb.2016.12.009",
url = "http://www.sciencedirect.com/science/article/pii/S037026931630747X",
author = "V. Khachatryan and A.M. Sirunyan and A. Tumasyan and W. Adam and E. Asilar and T. Bergauer and J. Brandstetter and E. Brondolin and M. Dragicevic and J. Erö and M. Flechl and M. Friedl and R. Frühwirth and V.M. Ghete and C. Hartl and N. Hörmann and J. Hrubec and M. Jeitler and A. König and I. Krätschmer and D. Liko and T. Matsushita and I. Mikulec and D. Rabady and N. Rad and B. Rahbaran and H. Rohringer and J. Schieck and J. Strauss and W. Treberer-Treberspurg and W. Waltenberger and C.-E. Wulz and V. Mossolov and N. Shumeiko and J. Suarez Gonzalez and S. Alderweireldt and E.A. De Wolf and X. Janssen and J. Lauwers and M. Van De Klundert and H. Van Haevermaet and P. Van Mechelen and N. Van Remortel and A. Van Spilbeeck and S. Abu Zeid and F. Blekman and J. D'Hondt and N. Daci and I. De Bruyn and K. Deroover and N. Heracleous and S. Lowette and S. Moortgat and L. Moreels and A. Olbrechts and Q. Python and S. Tavernier and W. Van Doninck and P. Van Mulders and I. Van Parijs and H. Brun and C. Caillol and B. Clerbaux and G. De Lentdecker and H. Delannoy and G. Fasanella and L. Favart and R. Goldouzian and A. Grebenyuk and G. Karapostoli and T. Lenzi and A. Léonard and J. Luetic and T. Maerschalk and A. Marinov and A. Randle-conde and T. Seva and C. Vander Velde and P. Vanlaer and R. Yonamine and F. Zenoni and F. Zhang and A. Cimmino and T. Cornelis and D. Dobur and A. Fagot and G. Garcia and M. Gul and D. Poyraz and S. Salva and R. Schöfbeck and A. Sharma and M. Tytgat and W. Van Driessche and E. Yazgan and N. Zaganidis and H. Bakhshiansohi and C. Beluffi and O. Bondu and S. Brochet and G. Bruno and A. Caudron and S. De Visscher and C. Delaere and M. Delcourt and B. Francois and A. Giammanco and A. Jafari and P. Jez and M. Komm and V. Lemaitre and A. Magitteri and A. Mertens and M. Musich and C. Nuttens and K. Piotrzkowski and L. Quertenmont and M. Selvaggi and M. Vidal Marono and S. Wertz and N. Beliy and W.L. Aldá Júnior and F.L. Alves and G.A. Alves and L. Brito and C. Hensel and A. Moraes and M.E. Pol and P. Rebello Teles and E. Belchior Batista Das Chagas and W. Carvalho and J. Chinellato and A. Custódio and E.M. Da Costa and G.G. Da Silveira and D. De Jesus Damiao and C. De Oliveira Martins and S. Fonseca De Souza and L.M. Huertas Guativa and H. Malbouisson and D. Matos Figueiredo and C. Mora Herrera and L. Mundim and H. Nogima and W.L. Prado Da Silva and A. Santoro and A. Sznajder and E.J. Tonelli Manganote and A. Vilela Pereira and S. Ahuja and C.A. Bernardes and S. Dogra and T.R. Fernandez Perez Tomei and E.M. Gregores and P.G. Mercadante and C.S. Moon and S.F. Novaes and Sandra S. Padula and D. Romero Abad and J.C. Ruiz Vargas and A. Aleksandrov and R. Hadjiiska and P. Iaydjiev and M. Rodozov and S. Stoykova and G. Sultanov and M. Vutova and A. Dimitrov and I. Glushkov and L. Litov and B. Pavlov and P. Petkov and W. Fang and M. Ahmad and J.G. Bian and G.M. Chen and H.S. Chen and M. Chen and Y. Chen and T. Cheng and C.H. Jiang and D. Leggat and Z. Liu and F. Romeo and S.M. Shaheen and A. Spiezia and J. Tao and C. Wang and Z. Wang and H. Zhang and J. Zhao and Y. Ban and G. Chen and Q. Li and S. Liu and Y. Mao and S.J. Qian and D. Wang and Z. Xu and C. Avila and A. Cabrera and L.F. Chaparro Sierra and C. Florez and J.P. Gomez and C.F. González Hernández and J.D. Ruiz Alvarez and J.C. Sanabria and N. Godinovic and D. Lelas and I. Puljak and P.M. Ribeiro Cipriano and T. Sculac and Z. Antunovic and M. Kovac and V. Brigljevic and D. Ferencek and K. Kadija and S. Micanovic and L. Sudic and T. Susa and A. Attikis and G. Mavromanolakis and J. Mousa and C. Nicolaou and F. Ptochos and P.A. Razis and H. Rykaczewski and M. Finger and M. Finger and E. Carrera Jarrin and A.A. Abdelalim and E. El-khateeb and E. Salama and B. Calpas and M. Kadastik and M. Murumaa and L. Perrini and M. Raidal and A. Tiko and C. Veelken and P. Eerola and J. Pekkanen and M. Voutilainen and J. Härkönen and V. Karimäki and R. Kinnunen and T. Lampén and K. Lassila-Perini and S. Lehti and T. Lindén and P. Luukka and J. Tuominiemi and E. Tuovinen and L. Wendland and J. Talvitie and T. Tuuva and M. Besancon and F. Couderc and M. Dejardin and D. Denegri and B. Fabbro and J.L. Faure and C. Favaro and F. Ferri and S. Ganjour and S. Ghosh and A. Givernaud and P. Gras and G. Hamel de Monchenault and P. Jarry and I. Kucher and E. Locci and M. Machet and J. Malcles and J. Rander and A. Rosowsky and M. Titov and A. Zghiche and A. Abdulsalam and I. Antropov and S. Baffioni and F. Beaudette and P. Busson and L. Cadamuro and E. Chapon and C. Charlot and O. Davignon and R. Granier de Cassagnac and M. Jo and S. Lisniak and P. Miné and M. Nguyen and C. Ochando and G. Ortona and P. Paganini and P. Pigard and S. Regnard and R. Salerno and Y. Sirois and T. Strebler and Y. Yilmaz and A. Zabi and J.-L. Agram and J. Andrea and A. Aubin and D. Bloch and J.-M. Brom and M. Buttignol and E.C. Chabert and N. Chanon and C. Collard and E. Conte and X. Coubez and J.-C. Fontaine and D. Gelé and U. Goerlach and A.-C. Le Bihan and K. Skovpen and P. Van Hove and S. Gadrat and S. Beauceron and C. Bernet and G. Boudoul and E. Bouvier and C.A. Carrillo Montoya and R. Chierici and D. Contardo and B. Courbon and P. Depasse and H. El Mamouni and J. Fan and J. Fay and S. Gascon and M. Gouzevitch and G. Grenier and B. Ille and F. Lagarde and I.B. Laktineh and M. Lethuillier and L. Mirabito and A.L. Pequegnot and S. Perries and A. Popov and D. Sabes and V. Sordini and M. Vander Donckt and P. Verdier and S. Viret and T. Toriashvili and Z. Tsamalaidze and C. Autermann and S. Beranek and L. Feld and A. Heister and M.K. Kiesel and K. Klein and M. Lipinski and A. Ostapchuk and M. Preuten and F. Raupach and S. Schael and C. Schomakers and J.F. Schulte and J. Schulz and T. Verlage and H. Weber and V. Zhukov and A. Albert and M. Brodski and E. Dietz-Laursonn and D. Duchardt and M. Endres and M. Erdmann and S. Erdweg and T. Esch and R. Fischer and A. Güth and M. Hamer and T. Hebbeker and C. Heidemann and K. Hoepfner and S. Knutzen and M. Merschmeyer and A. Meyer and P. Millet and S. Mukherjee and M. Olschewski and K. Padeken and T. Pook and M. Radziej and H. Reithler and M. Rieger and F. Scheuch and L. Sonnenschein and D. Teyssier and S. Thüer and V. Cherepanov and G. Flügge and W. Haj Ahmad and F. Hoehle and B. Kargoll and T. Kress and A. Künsken and J. Lingemann and T. Müller and A. Nehrkorn and A. Nowack and I.M. Nugent and C. Pistone and O. Pooth and A. Stahl and M. Aldaya Martin and C. Asawatangtrakuldee and K. Beernaert and O. Behnke and U. Behrens and A.A. Bin Anuar and K. Borras and A. Campbell and P. Connor and C. Contreras-Campana and F. Costanza and C. Diez Pardos and G. Dolinska and G. Eckerlin and D. Eckstein and E. Eren and E. Gallo and J. Garay Garcia and A. Geiser and A. Gizhko and J.M. Grados Luyando and P. Gunnellini and A. Harb and J. Hauk and M. Hempel and H. Jung and A. Kalogeropoulos and O. Karacheban and M. Kasemann and J. Keaveney and C. Kleinwort and I. Korol and D. Krücker and W. Lange and A. Lelek and J. Leonard and K. Lipka and A. Lobanov and W. Lohmann and R. Mankel and I.-A. Melzer-Pellmann and A.B. Meyer and G. Mittag and J. Mnich and A. Mussgiller and E. Ntomari and D. Pitzl and A. Raspereza and B. Roland and M.Ö. Sahin and P. Saxena and T. Schoerner-Sadenius and C. Seitz and S. Spannagel and N. Stefaniuk and G.P. Van Onsem and R. Walsh and C. Wissing and V. Blobel and M. Centis Vignali and A.R. Draeger and T. Dreyer and E. Garutti and D. Gonzalez and J. Haller and M. Hoffmann and A. Junkes and R. Klanner and R. Kogler and N. Kovalchuk and T. Lapsien and T. Lenz and I. Marchesini and D. Marconi and M. Meyer and M. Niedziela and D. Nowatschin and F. Pantaleo and T. Peiffer and A. Perieanu and J. Poehlsen and C. Sander and C. Scharf and P. Schleper and A. Schmidt and S. Schumann and J. Schwandt and H. Stadie and G. Steinbrück and F.M. Stober and M. Stöver and H. Tholen and D. Troendle and E. Usai and L. Vanelderen and A. Vanhoefer and B. Vormwald and C. Barth and C. Baus and J. Berger and E. Butz and T. Chwalek and F. Colombo and W. De Boer and A. Dierlamm and S. Fink and R. Friese and M. Giffels and A. Gilbert and P. Goldenzweig and D. Haitz and F. Hartmann and S.M. Heindl and U. Husemann and I. Katkov and P. Lobelle Pardo and B. Maier and H. Mildner and M.U. Mozer and Th. Müller and M. Plagge and G. Quast and K. Rabbertz and S. Röcker and F. Roscher and M. Schröder and I. Shvetsov and G. Sieber and H.J. Simonis and R. Ulrich and J. Wagner-Kuhr and S. Wayand and M. Weber and T. Weiler and S. Williamson and C. Wöhrmann and R. Wolf and G. Anagnostou and G. Daskalakis and T. Geralis and V.A. Giakoumopoulou and A. Kyriakis and D. Loukas and I. Topsis-Giotis and S. Kesisoglou and A. Panagiotou and N. Saoulidou and E. Tziaferi and I. Evangelou and G. Flouris and C. Foudas and P. Kokkas and N. Loukas and N. Manthos and I. Papadopoulos and E. Paradas and N. Filipovic and G. Bencze and C. Hajdu and P. Hidas and D. Horvath and F. Sikler and V. Veszpremi and G. Vesztergombi and A.J. Zsigmond and N. Beni and S. Czellar and J. Karancsi and A. Makovec and J. Molnar and Z. Szillasi and M. Bartók and P. Raics and Z.L. Trocsanyi and B. Ujvari and S. Bahinipati and S. Choudhury and P. Mal and K. Mandal and A. Nayak and D.K. Sahoo and N. Sahoo and S.K. Swain and S. Bansal and S.B. Beri and V. Bhatnagar and R. Chawla and U. Bhawandeep and A.K. Kalsi and A. Kaur and M. Kaur and R. Kumar and A. Mehta and M. Mittal and J.B. Singh and G. Walia and Ashok Kumar and A. Bhardwaj and B.C. Choudhary and R.B. Garg and S. Keshri and S. Malhotra and M. Naimuddin and N. Nishu and K. Ranjan and R. Sharma and V. Sharma and R. Bhattacharya and S. Bhattacharya and K. Chatterjee and S. Dey and S. Dutt and S. Dutta and S. Ghosh and N. Majumdar and A. Modak and K. Mondal and S. Mukhopadhyay and S. Nandan and A. Purohit and A. Roy and D. Roy and S. Roy Chowdhury and S. Sarkar and M. Sharan and S. Thakur and P.K. Behera and R. Chudasama and D. Dutta and V. Jha and V. Kumar and A.K. Mohanty and P.K. Netrakanti and L.M. Pant and P. Shukla and A. Topkar and T. Aziz and S. Dugad and G. Kole and B. Mahakud and S. Mitra and G.B. Mohanty and B. Parida and N. Sur and B. Sutar and S. Banerjee and S. Bhowmik and R.K. Dewanjee and S. Ganguly and M. Guchait and Sa. Jain and S. Kumar and M. Maity and G. Majumder and K. Mazumdar and T. Sarkar and N. Wickramage and S. Chauhan and S. Dube and V. Hegde and A. Kapoor and K. Kothekar and A. Rane and S. Sharma and H. Behnamian and S. Chenarani and E. Eskandari Tadavani and S.M. Etesami and A. Fahim and M. Khakzad and M. Mohammadi Najafabadi and M. Naseri and S. Paktinat Mehdiabadi and F. Rezaei Hosseinabadi and B. Safarzadeh and M. Zeinali and M. Felcini and M. Grunewald and M. Abbrescia and C. Calabria and C. Caputo and A. Colaleo and D. Creanza and L. Cristella and N. De Filippis and M. De Palma and L. Fiore and G. Iaselli and G. Maggi and M. Maggi and G. Miniello and S. My and S. Nuzzo and A. Pompili and G. Pugliese and R. Radogna and A. Ranieri and G. Selvaggi and L. Silvestris and R. Venditti and P. Verwilligen and G. Abbiendi and C. Battilana and D. Bonacorsi and S. Braibant-Giacomelli and L. Brigliadori and R. Campanini and P. Capiluppi and A. Castro and F.R. Cavallo and S.S. Chhibra and G. Codispoti and M. Cuffiani and G.M. Dallavalle and F. Fabbri and A. Fanfani and D. Fasanella and P. Giacomelli and C. Grandi and L. Guiducci and S. Marcellini and G. Masetti and A. Montanari and F.L. Navarria and A. Perrotta and A.M. Rossi and T. Rovelli and G.P. Siroli and N. Tosi and S. Albergo and M. Chiorboli and S. Costa and A. Di Mattia and F. Giordano and R. Potenza and A. Tricomi and C. Tuve and G. Barbagli and V. Ciulli and C. Civinini and R. D'Alessandro and E. Focardi and V. Gori and P. Lenzi and M. Meschini and S. Paoletti and G. Sguazzoni and L. Viliani and L. Benussi and S. Bianco and F. Fabbri and D. Piccolo and F. Primavera and V. Calvelli and F. Ferro and M. Lo Vetere and M.R. Monge and E. Robutti and S. Tosi and L. Brianza and M.E. Dinardo and S. Fiorendi and S. Gennai and A. Ghezzi and P. Govoni and M. Malberti and S. Malvezzi and R.A. Manzoni and B. Marzocchi and D. Menasce and L. Moroni and M. Paganoni and D. Pedrini and S. Pigazzini and S. Ragazzi and T. Tabarelli de Fatis and S. Buontempo and N. Cavallo and G. De Nardo and S. Di Guida and M. Esposito and F. Fabozzi and A.O.M. Iorio and G. Lanza and L. Lista and S. Meola and P. Paolucci and C. Sciacca and F. Thyssen and P. Azzi and N. Bacchetta and L. Benato and D. Bisello and A. Boletti and R. Carlin and A. Carvalho Antunes De Oliveira and P. Checchia and M. Dall'Osso and P. De Castro Manzano and T. Dorigo and U. Dosselli and F. Gasparini and U. Gasparini and A. Gozzelino and S. Lacaprara and M. Margoni and A.T. Meneguzzo and J. Pazzini and N. Pozzobon and P. Ronchese and F. Simonetto and E. Torassa and M. Zanetti and P. Zotto and A. Zucchetta and G. Zumerle and A. Braghieri and A. Magnani and P. Montagna and S.P. Ratti and V. Re and C. Riccardi and P. Salvini and I. Vai and P. Vitulo and L. Alunni Solestizi and G.M. Bilei and D. Ciangottini and L. Fanò and P. Lariccia and R. Leonardi and G. Mantovani and M. Menichelli and A. Saha and A. Santocchia and K. Androsov and P. Azzurri and G. Bagliesi and J. Bernardini and T. Boccali and R. Castaldi and M.A. Ciocci and R. Dell'Orso and S. Donato and G. Fedi and A. Giassi and M.T. Grippo and F. Ligabue and T. Lomtadze and L. Martini and A. Messineo and F. Palla and A. Rizzi and A. Savoy-Navarro and P. Spagnolo and R. Tenchini and G. Tonelli and A. Venturi and P.G. Verdini and L. Barone and F. Cavallari and M. Cipriani and G. D'imperio and D. Del Re and M. Diemoz and S. Gelli and E. Longo and F. Margaroli and P. Meridiani and G. Organtini and R. Paramatti and F. Preiato and S. Rahatlou and C. Rovelli and F. Santanastasio and N. Amapane and R. Arcidiacono and S. Argiro and M. Arneodo and N. Bartosik and R. Bellan and C. Biino and N. Cartiglia and F. Cenna and M. Costa and R. Covarelli and A. Degano and N. Demaria and L. Finco and B. Kiani and C. Mariotti and S. Maselli and E. Migliore and V. Monaco and E. Monteil and M.M. Obertino and L. Pacher and N. Pastrone and M. Pelliccioni and G.L. Pinna Angioni and F. Ravera and A. Romero and M. Ruspa and R. Sacchi and K. Shchelina and V. Sola and A. Solano and A. Staiano and P. Traczyk and S. Belforte and M. Casarsa and F. Cossutti and G. Della Ricca and C. La Licata and A. Schizzi and A. Zanetti and D.H. Kim and G.N. Kim and M.S. Kim and S. Lee and S.W. Lee and Y.D. Oh and S. Sekmen and D.C. Son and Y.C. Yang and A. Lee and H. Kim and J.A. Brochero Cifuentes and T.J. Kim and S. Cho and S. Choi and Y. Go and D. Gyun and S. Ha and B. Hong and Y. Jo and Y. Kim and B. Lee and K. Lee and K.S. Lee and S. Lee and J. Lim and S.K. Park and Y. Roh and J. Almond and J. Kim and H. Lee and S.B. Oh and B.C. Radburn-Smith and S.h. Seo and U.K. Yang and H.D. Yoo and G.B. Yu and M. Choi and H. Kim and J.H. Kim and J.S.H. Lee and I.C. Park and G. Ryu and M.S. Ryu and Y. Choi and J. Goh and C. Hwang and J. Lee and I. Yu and V. Dudenas and A. Juodagalvis and J. Vaitkus and I. Ahmed and Z.A. Ibrahim and J.R. Komaragiri and M.A.B. Md Ali and F. Mohamad Idris and W.A.T. Wan Abdullah and M.N. Yusli and Z. Zolkapli and H. Castilla-Valdez and E. De La Cruz-Burelo and I. Heredia-De La Cruz and A. Hernandez-Almada and R. Lopez-Fernandez and R. Magaña Villalba and J. Mejia Guisao and A. Sanchez-Hernandez and S. Carrillo Moreno and C. Oropeza Barrera and F. Vazquez Valencia and S. Carpinteyro and I. Pedraza and H.A. Salazar Ibarguen and C. Uribe Estrada and A. Morelos Pineda and D. Krofcheck and P.H. Butler and A. Ahmad and M. Ahmad and Q. Hassan and H.R. Hoorani and W.A. Khan and M.A. Shah and M. Shoaib and M. Waqas and H. Bialkowska and M. Bluj and B. Boimska and T. Frueboes and M. Górski and M. Kazana and K. Nawrocki and K. Romanowska-Rybinska and M. Szleper and P. Zalewski and K. Bunkowski and A. Byszuk and K. Doroba and A. Kalinowski and M. Konecki and J. Krolikowski and M. Misiura and M. Olszewski and M. Walczak and P. Bargassa and C. Beirão Da Cruz E Silva and A. Di Francesco and P. Faccioli and P.G. Ferreira Parracho and M. Gallinaro and J. Hollar and N. Leonardo and L. Lloret Iglesias and M.V. Nemallapudi and J. Rodrigues Antunes and J. Seixas and O. Toldaiev and D. Vadruccio and J. Varela and P. Vischia and S. Afanasiev and P. Bunin and M. Gavrilenko and I. Golutvin and I. Gorbunov and A. Kamenev and V. Karjavin and A. Lanev and A. Malakhov and V. Matveev and P. Moisenz and V. Palichik and V. Perelygin and S. Shmatov and S. Shulha and N. Skatchkov and V. Smirnov and N. Voytishin and A. Zarubin and L. Chtchipounov and V. Golovtsov and Y. Ivanov and V. Kim and E. Kuznetsova and V. Murzin and V. Oreshkin and V. Sulimov and A. Vorobyev and Yu. Andreev and A. Dermenev and S. Gninenko and N. Golubev and A. Karneyeu and M. Kirsanov and N. Krasnikov and A. Pashenkov and D. Tlisov and A. Toropin and V. Epshteyn and V. Gavrilov and N. Lychkovskaya and V. Popov and I. Pozdnyakov and G. Safronov and A. Spiridonov and M. Toms and E. Vlasov and A. Zhokin and A. Bylinkin and M. Chadeeva and R. Chistov and V. Rusinov and V. Andreev and M. Azarkin and I. Dremin and M. Kirakosyan and A. Leonidov and S.V. Rusakov and A. Terkulov and A. Baskakov and A. Belyaev and E. Boos and M. Dubinin and L. Dudko and A. Ershov and A. Gribushin and V. Klyukhin and O. Kodolova and I. Lokhtin and I. Miagkov and S. Obraztsov and S. Petrushanko and V. Savrin and A. Snigirev and V. Blinov and Y. Skovpen and I. Azhgirey and I. Bayshev and S. Bitioukov and D. Elumakhov and V. Kachanov and A. Kalinin and D. Konstantinov and V. Krychkine and V. Petrov and R. Ryutin and A. Sobol and S. Troshin and N. Tyurin and A. Uzunian and A. Volkov and P. Adzic and P. Cirkovic and D. Devetak and M. Dordevic and J. Milosevic and V. Rekovic and J. Alcaraz Maestre and M. Barrio Luna and E. Calvo and M. Cerrada and M. Chamizo Llatas and N. Colino and B. De La Cruz and A. Delgado Peris and A. Escalante Del Valle and C. Fernandez Bedoya and J.P. Fernández Ramos and J. Flix and M.C. Fouz and P. Garcia-Abia and O. Gonzalez Lopez and S. Goy Lopez and J.M. Hernandez and M.I. Josa and E. Navarro De Martino and A. Pérez-Calero Yzquierdo and J. Puerta Pelayo and A. Quintario Olmeda and I. Redondo and L. Romero and M.S. Soares and J.F. de Trocóniz and M. Missiroli and D. Moran and J. Cuevas and J. Fernandez Menendez and I. Gonzalez Caballero and J.R. González Fernández and E. Palencia Cortezon and S. Sanchez Cruz and I. Suárez Andrés and J.M. Vizan Garcia and I.J. Cabrillo and A. Calderon and J.R. Castiñeiras De Saa and E. Curras and M. Fernandez and J. Garcia-Ferrero and G. Gomez and A. Lopez Virto and J. Marco and C. Martinez Rivero and F. Matorras and J. Piedra Gomez and T. Rodrigo and A. Ruiz-Jimeno and L. Scodellaro and N. Trevisani and I. Vila and R. Vilar Cortabitarte and D. Abbaneo and E. Auffray and G. Auzinger and M. Bachtis and P. Baillon and A.H. Ball and D. Barney and P. Bloch and A. Bocci and A. Bonato and C. Botta and T. Camporesi and R. Castello and M. Cepeda and G. Cerminara and M. D'Alfonso and D. d'Enterria and A. Dabrowski and V. Daponte and A. David and M. De Gruttola and A. De Roeck and E. Di Marco and M. Dobson and B. Dorney and T. du Pree and D. Duggan and M. Dünser and N. Dupont and A. Elliott-Peisert and S. Fartoukh and G. Franzoni and J. Fulcher and W. Funk and D. Gigi and K. Gill and M. Girone and F. Glege and D. Gulhan and S. Gundacker and M. Guthoff and J. Hammer and P. Harris and J. Hegeman and V. Innocente and P. Janot and J. Kieseler and H. Kirschenmann and V. Knünz and A. Kornmayer and M.J. Kortelainen and K. Kousouris and M. Krammer and C. Lange and P. Lecoq and C. Lourenço and M.T. Lucchini and L. Malgeri and M. Mannelli and A. Martelli and F. Meijers and J.A. Merlin and S. Mersi and E. Meschi and F. Moortgat and S. Morovic and M. Mulders and H. Neugebauer and S. Orfanelli and L. Orsini and L. Pape and E. Perez and M. Peruzzi and A. Petrilli and G. Petrucciani and A. Pfeiffer and M. Pierini and A. Racz and T. Reis and G. Rolandi and M. Rovere and M. Ruan and H. Sakulin and J.B. Sauvan and C. Schäfer and C. Schwick and M. Seidel and A. Sharma and P. Silva and P. Sphicas and J. Steggemann and M. Stoye and Y. Takahashi and M. Tosi and D. Treille and A. Triossi and A. Tsirou and V. Veckalns and G.I. Veres and N. Wardle and A. Zagozdzinska and W.D. Zeuner and W. Bertl and K. Deiters and W. Erdmann and R. Horisberger and Q. Ingram and H.C. Kaestli and D. Kotlinski and U. Langenegger and T. Rohe and F. Bachmair and L. Bäni and L. Bianchini and B. Casal and G. Dissertori and M. Dittmar and M. Donegà and C. Grab and C. Heidegger and D. Hits and J. Hoss and G. Kasieczka and P. Lecomte and W. Lustermann and B. Mangano and M. Marionneau and P. Martinez Ruiz del Arbol and M. Masciovecchio and M.T. Meinhard and D. Meister and F. Micheli and P. Musella and F. Nessi-Tedaldi and F. Pandolfi and J. Pata and F. Pauss and G. Perrin and L. Perrozzi and M. Quittnat and M. Rossini and M. Schönenberger and A. Starodumov and V.R. Tavolaro and K. Theofilatos and R. Wallny and T.K. Aarrestad and C. Amsler and L. Caminada and M.F. Canelli and A. De Cosa and C. Galloni and A. Hinzmann and T. Hreus and B. Kilminster and J. Ngadiuba and D. Pinna and G. Rauco and P. Robmann and D. Salerno and Y. Yang and V. Candelise and T.H. Doan and Sh. Jain and R. Khurana and M. Konyushikhin and C.M. Kuo and W. Lin and Y.J. Lu and A. Pozdnyakov and S.S. Yu and Arun Kumar and P. Chang and Y.H. Chang and Y.W. Chang and Y. Chao and K.F. Chen and P.H. Chen and C. Dietz and F. Fiori and W.-S. Hou and Y. Hsiung and Y.F. Liu and R.-S. Lu and M. Miñano Moya and E. Paganis and A. Psallidas and J.f. Tsai and Y.M. Tzeng and B. Asavapibhop and G. Singh and N. Srimanobhas and N. Suwonjandee and S. Cerci and S. Damarseckin and Z.S. Demiroglu and C. Dozen and I. Dumanoglu and S. Girgis and G. Gokbulut and Y. Guler and E. Gurpinar and I. Hos and E.E. Kangal and O. Kara and A. Kayis Topaksu and U. Kiminsu and M. Oglakci and G. Onengut and K. Ozdemir and D. Sunar Cerci and B. Tali and S. Turkcapar and I.S. Zorbakir and C. Zorbilmez and B. Bilin and S. Bilmis and B. Isildak and G. Karapinar and M. Yalvac and M. Zeyrek and E. Gülmez and M. Kaya and O. Kaya and E.A. Yetkin and T. Yetkin and A. Cakir and K. Cankocak and S. Sen and B. Grynyov and L. Levchuk and P. Sorokin and R. Aggleton and F. Ball and L. Beck and J.J. Brooke and D. Burns and E. Clement and D. Cussans and H. Flacher and J. Goldstein and M. Grimes and G.P. Heath and H.F. Heath and J. Jacob and L. Kreczko and C. Lucas and D.M. Newbold and S. Paramesvaran and A. Poll and T. Sakuma and S. Seif El Nasr-storey and D. Smith and V.J. Smith and D. Barducci and A. Belyaev and C. Brew and R.M. Brown and L. Calligaris and D. Cieri and D.J.A. Cockerill and J.A. Coughlan and K. Harder and S. Harper and E. Olaiya and D. Petyt and C.H. Shepherd-Themistocleous and A. Thea and I.R. Tomalin and T. Williams and M. Baber and R. Bainbridge and O. Buchmuller and A. Bundock and D. Burton and S. Casasso and M. Citron and D. Colling and L. Corpe and P. Dauncey and G. Davies and A. De Wit and M. Della Negra and R. Di Maria and P. Dunne and A. Elwood and D. Futyan and Y. Haddad and G. Hall and G. Iles and T. James and R. Lane and C. Laner and R. Lucas and L. Lyons and A.-M. Magnan and S. Malik and L. Mastrolorenzo and J. Nash and A. Nikitenko and J. Pela and B. Penning and M. Pesaresi and D.M. Raymond and A. Richards and A. Rose and C. Seez and S. Summers and A. Tapper and K. Uchida and M. Vazquez Acosta and T. Virdee and J. Wright and S.C. Zenz and J.E. Cole and P.R. Hobson and A. Khan and P. Kyberd and D. Leslie and I.D. Reid and P. Symonds and L. Teodorescu and M. Turner and A. Borzou and K. Call and J. Dittmann and K. Hatakeyama and H. Liu and N. Pastika and O. Charaf and S.I. Cooper and C. Henderson and P. Rumerio and C. West and D. Arcaro and A. Avetisyan and T. Bose and D. Gastler and D. Rankin and C. Richardson and J. Rohlf and L. Sulak and D. Zou and G. Benelli and E. Berry and D. Cutts and A. Garabedian and J. Hakala and U. Heintz and J.M. Hogan and O. Jesus and E. Laird and G. Landsberg and Z. Mao and M. Narain and S. Piperov and S. Sagir and E. Spencer and R. Syarif and R. Breedon and G. Breto and D. Burns and M. Calderon De La Barca Sanchez and S. Chauhan and M. Chertok and J. Conway and R. Conway and P.T. Cox and R. Erbacher and C. Flores and G. Funk and M. Gardner and W. Ko and R. Lander and C. Mclean and M. Mulhearn and D. Pellett and J. Pilot and S. Shalhout and J. Smith and M. Squires and D. Stolp and M. Tripathi and S. Wilbur and R. Yohay and R. Cousins and P. Everaerts and A. Florent and J. Hauser and M. Ignatenko and D. Saltzberg and E. Takasugi and V. Valuev and M. Weber and K. Burt and R. Clare and J. Ellison and J.W. Gary and G. Hanson and J. Heilman and P. Jandir and E. Kennedy and F. Lacroix and O.R. Long and M. Olmedo Negrete and M.I. Paneva and A. Shrinivas and W. Si and H. Wei and S. Wimpenny and B.R. Yates and J.G. Branson and G.B. Cerati and S. Cittolin and M. Derdzinski and R. Gerosa and A. Holzner and D. Klein and V. Krutelyov and J. Letts and I. Macneill and D. Olivito and S. Padhi and M. Pieri and M. Sani and V. Sharma and S. Simon and M. Tadel and A. Vartak and S. Wasserbaech and C. Welke and J. Wood and F. Würthwein and A. Yagil and G. Zevi Della Porta and R. Bhandari and J. Bradmiller-Feld and C. Campagnari and A. Dishaw and V. Dutta and K. Flowers and M. Franco Sevilla and P. Geffert and C. George and F. Golf and L. Gouskos and J. Gran and R. Heller and J. Incandela and N. Mccoll and S.D. Mullin and A. Ovcharova and J. Richman and D. Stuart and I. Suarez and J. Yoo and D. Anderson and A. Apresyan and J. Bendavid and A. Bornheim and J. Bunn and Y. Chen and J. Duarte and J.M. Lawhorn and A. Mott and H.B. Newman and C. Pena and M. Spiropulu and J.R. Vlimant and S. Xie and R.Y. Zhu and M.B. Andrews and V. Azzolini and T. Ferguson and M. Paulini and J. Russ and M. Sun and H. Vogel and I. Vorobiev and J.P. Cumalat and W.T. Ford and F. Jensen and A. Johnson and M. Krohn and T. Mulholland and K. Stenson and S.R. Wagner and J. Alexander and J. Chaves and J. Chu and S. Dittmer and K. Mcdermott and N. Mirman and G. Nicolas Kaufman and J.R. Patterson and A. Rinkevicius and A. Ryd and L. Skinnari and L. Soffi and S.M. Tan and Z. Tao and J. Thom and J. Tucker and P. Wittich and M. Zientek and D. Winn and S. Abdullin and M. Albrow and G. Apollinari and S. Banerjee and L.A.T. Bauerdick and A. Beretvas and J. Berryhill and P.C. Bhat and G. Bolla and K. Burkett and J.N. Butler and H.W.K. Cheung and F. Chlebana and S. Cihangir and M. Cremonesi and V.D. Elvira and I. Fisk and J. Freeman and E. Gottschalk and L. Gray and D. Green and S. Grünendahl and O. Gutsche and D. Hare and R.M. Harris and S. Hasegawa and J. Hirschauer and Z. Hu and B. Jayatilaka and S. Jindariani and M. Johnson and U. Joshi and B. Klima and B. Kreis and S. Lammel and J. Linacre and D. Lincoln and R. Lipton and T. Liu and R. Lopes De Sá and J. Lykken and K. Maeshima and N. Magini and J.M. Marraffino and S. Maruyama and D. Mason and P. McBride and P. Merkel and S. Mrenna and S. Nahn and C. Newman-Holmes and V. O'Dell and K. Pedro and O. Prokofyev and G. Rakness and L. Ristori and E. Sexton-Kennedy and A. Soha and W.J. Spalding and L. Spiegel and S. Stoynev and N. Strobbe and L. Taylor and S. Tkaczyk and N.V. Tran and L. Uplegger and E.W. Vaandering and C. Vernieri and M. Verzocchi and R. Vidal and M. Wang and H.A. Weber and A. Whitbeck and D. Acosta and P. Avery and P. Bortignon and D. Bourilkov and A. Brinkerhoff and A. Carnes and M. Carver and D. Curry and S. Das and R.D. Field and I.K. Furic and J. Konigsberg and A. Korytov and P. Ma and K. Matchev and H. Mei and P. Milenovic and G. Mitselmakher and D. Rank and L. Shchutska and D. Sperka and L. Thomas and J. Wang and S. Wang and J. Yelton and S. Linn and P. Markowitz and G. Martinez and J.L. Rodriguez and A. Ackert and J.R. Adams and T. Adams and A. Askew and S. Bein and B. Diamond and S. Hagopian and V. Hagopian and K.F. Johnson and A. Khatiwada and H. Prosper and A. Santra and M. Weinberg and M.M. Baarmand and V. Bhopatkar and S. Colafranceschi and M. Hohlmann and D. Noonan and T. Roy and F. Yumiceva and M.R. Adams and L. Apanasevich and D. Berry and R.R. Betts and I. Bucinskaite and R. Cavanaugh and O. Evdokimov and L. Gauthier and C.E. Gerber and D.J. Hofman and P. Kurt and C. O'Brien and I.D. Sandoval Gonzalez and P. Turner and N. Varelas and H. Wang and Z. Wu and M. Zakaria and J. Zhang and B. Bilki and W. Clarida and K. Dilsiz and S. Durgut and R.P. Gandrajula and M. Haytmyradov and V. Khristenko and J.-P. Merlo and H. Mermerkaya and A. Mestvirishvili and A. Moeller and J. Nachtman and H. Ogul and Y. Onel and F. Ozok and A. Penzo and C. Snyder and E. Tiras and J. Wetzel and K. Yi and I. Anderson and B. Blumenfeld and A. Cocoros and N. Eminizer and D. Fehling and L. Feng and A.V. Gritsan and P. Maksimovic and M. Osherson and J. Roskes and U. Sarica and M. Swartz and M. Xiao and Y. Xin and C. You and A. Al-bataineh and P. Baringer and A. Bean and S. Boren and J. Bowen and C. Bruner and J. Castle and L. Forthomme and R.P. Kenny III and A. Kropivnitskaya and D. Majumder and W. Mcbrayer and M. Murray and S. Sanders and R. Stringer and J.D. Tapia Takaki and Q. Wang and A. Ivanov and K. Kaadze and S. Khalil and Y. Maravin and A. Mohammadi and L.K. Saini and N. Skhirtladze and S. Toda and F. Rebassoo and D. Wright and C. Anelli and A. Baden and O. Baron and A. Belloni and B. Calvert and S.C. Eno and C. Ferraioli and J.A. Gomez and N.J. Hadley and S. Jabeen and R.G. Kellogg and T. Kolberg and J. Kunkle and Y. Lu and A.C. Mignerey and F. Ricci-Tam and Y.H. Shin and A. Skuja and M.B. Tonjes and S.C. Tonwar and D. Abercrombie and B. Allen and A. Apyan and R. Barbieri and A. Baty and R. Bi and K. Bierwagen and S. Brandt and W. Busza and I.A. Cali and Z. Demiragli and L. Di Matteo and G. Gomez Ceballos and M. Goncharov and D. Hsu and Y. Iiyama and G.M. Innocenti and M. Klute and D. Kovalskyi and K. Krajczar and Y.S. Lai and Y.-J. Lee and A. Levin and P.D. Luckey and A.C. Marini and C. Mcginn and C. Mironov and S. Narayanan and X. Niu and C. Paus and C. Roland and G. Roland and J. Salfeld-Nebgen and G.S.F. Stephans and K. Sumorok and K. Tatar and M. Varma and D. Velicanu and J. Veverka and J. Wang and T.W. Wang and B. Wyslouch and M. Yang and V. Zhukova and A.C. Benvenuti and R.M. Chatterjee and A. Evans and A. Finkel and A. Gude and P. Hansen and S. Kalafut and S.C. Kao and Y. Kubota and Z. Lesko and J. Mans and S. Nourbakhsh and N. Ruckstuhl and R. Rusack and N. Tambe and J. Turkewitz and J.G. Acosta and S. Oliveros and E. Avdeeva and R. Bartek and K. Bloom and D.R. Claes and A. Dominguez and C. Fangmeier and R. Gonzalez Suarez and R. Kamalieddin and I. Kravchenko and A. Malta Rodrigues and F. Meier and J. Monroy and J.E. Siado and G.R. Snow and B. Stieger and M. Alyari and J. Dolen and J. George and A. Godshalk and C. Harrington and I. Iashvili and J. Kaisen and A. Kharchilava and A. Kumar and A. Parker and S. Rappoccio and B. Roozbahani and G. Alverson and E. Barberis and D. Baumgartel and A. Hortiangtham and A. Massironi and D.M. Morse and D. Nash and T. Orimoto and R. Teixeira De Lima and D. Trocino and R.-J. Wang and D. Wood and S. Bhattacharya and K.A. Hahn and A. Kubik and A. Kumar and J.F. Low and N. Mucia and N. Odell and B. Pollack and M.H. Schmitt and K. Sung and M. Trovato and M. Velasco and N. Dev and M. Hildreth and K. Hurtado Anampa and C. Jessop and D.J. Karmgard and N. Kellams and K. Lannon and N. Marinelli and F. Meng and C. Mueller and Y. Musienko and M. Planer and A. Reinsvold and R. Ruchti and G. Smith and S. Taroni and M. Wayne and M. Wolf and A. Woodard and J. Alimena and L. Antonelli and J. Brinson and B. Bylsma and L.S. Durkin and S. Flowers and B. Francis and A. Hart and C. Hill and R. Hughes and W. Ji and B. Liu and W. Luo and D. Puigh and B.L. Winer and H.W. Wulsin and S. Cooperstein and O. Driga and P. Elmer and J. Hardenbrook and P. Hebda and D. Lange and J. Luo and D. Marlow and T. Medvedeva and K. Mei and M. Mooney and J. Olsen and C. Palmer and P. Piroué and D. Stickland and C. Tully and A. Zuranski and S. Malik and A. Barker and V.E. Barnes and S. Folgueras and L. Gutay and M.K. Jha and M. Jones and A.W. Jung and K. Jung and D.H. Miller and N. Neumeister and X. Shi and J. Sun and A. Svyatkovskiy and F. Wang and W. Xie and L. Xu and N. Parashar and J. Stupak and A. Adair and B. Akgun and Z. Chen and K.M. Ecklund and F.J.M. Geurts and M. Guilbaud and W. Li and B. Michlin and M. Northup and B.P. Padley and R. Redjimi and J. Roberts and J. Rorie and Z. Tu and J. Zabel and B. Betchart and A. Bodek and P. de Barbaro and R. Demina and Y.t. Duh and T. Ferbel and M. Galanti and A. Garcia-Bellido and J. Han and O. Hindrichs and A. Khukhunaishvili and K.H. Lo and P. Tan and M. Verzetti and A. Agapitos and J.P. Chou and E. Contreras-Campana and Y. Gershtein and T.A. Gómez Espinosa and E. Halkiadakis and M. Heindl and D. Hidas and E. Hughes and S. Kaplan and R. Kunnawalkam Elayavalli and S. Kyriacou and A. Lath and K. Nash and H. Saka and S. Salur and S. Schnetzer and D. Sheffield and S. Somalwar and R. Stone and S. Thomas and P. Thomassen and M. Walker and M. Foerster and J. Heideman and G. Riley and K. Rose and S. Spanier and K. Thapa and O. Bouhali and A. Celik and M. Dalchenko and M. De Mattia and A. Delgado and S. Dildick and R. Eusebi and J. Gilmore and T. Huang and E. Juska and T. Kamon and R. Mueller and Y. Pakhotin and R. Patel and A. Perloff and L. Perniè and D. Rathjens and A. Rose and A. Safonov and A. Tatarinov and K.A. Ulmer and N. Akchurin and C. Cowden and J. Damgov and F. De Guio and C. Dragoiu and P.R. Dudero and J. Faulkner and S. Kunori and K. Lamichhane and S.W. Lee and T. Libeiro and T. Peltola and S. Undleeb and I. Volobouev and Z. Wang and A.G. Delannoy and S. Greene and A. Gurrola and R. Janjam and W. Johns and C. Maguire and A. Melo and H. Ni and P. Sheldon and S. Tuo and J. Velkovska and Q. Xu and M.W. Arenton and P. Barria and B. Cox and J. Goodell and R. Hirosky and A. Ledovskoy and H. Li and C. Neu and T. Sinthuprasith and X. Sun and Y. Wang and E. Wolfe and F. Xia and C. Clarke and R. Harr and P.E. Karchin and P. Lamichhane and J. Sturdy and D.A. Belknap and S. Dasu and L. Dodd and S. Duric and B. Gomber and M. Grothe and M. Herndon and A. Hervé and P. Klabbers and A. Lanaro and A. Levine and K. Long and R. Loveless and I. Ojalvo and T. Perry and G. Polese and T. Ruggles and A. Savin and N. Smith and W.H. Smith and D. Taylor and N. Woods",
keywords = "CMS, Physics, Heavy ion, Ridge, Correlation, pp",
abstract = "Measurements of two- and multi-particle angular correlations in pp collisions at s=5,7, and 13TeV are presented as a function of charged-particle multiplicity. The data, corresponding to integrated luminosities of 1.0pb−1 (5 TeV), 6.2pb−1 (7 TeV), and 0.7pb−1 (13 TeV), were collected using the CMS detector at the LHC. The second-order (v2) and third-order (v3) azimuthal anisotropy harmonics of unidentified charged particles, as well as v2 of KS0 and Λ/Λ‾ particles, are extracted from long-range two-particle correlations as functions of particle multiplicity and transverse momentum. For high-multiplicity pp events, a mass ordering is observed for the v2 values of charged hadrons (mostly pions), KS0, and Λ/Λ‾, with lighter particle species exhibiting a stronger azimuthal anisotropy signal below pT≈2GeV/c. For 13 TeV data, the v2 signals are also extracted from four- and six-particle correlations for the first time in pp collisions, with comparable magnitude to those from two-particle correlations. These observations are similar to those seen in pPb and PbPb collisions, and support the interpretation of a collective origin for the observed long-range correlations in high-multiplicity pp collisions."
}
