@Article{Sirunyan2018,
author="{The CMS collaboration}
and Sirunyan, A. M.
and Tumasyan, A.
and Adam, W.
and Ambrogi, F.
and Asilar, E.
and Bergauer, T.
and Brandstetter, J.
and Brondolin, E.
and Dragicevic, M.
and Er{\"o}, J.
and Escalante Del Valle, A.
and Flechl, M.
and Friedl, M.
and Fr{\"u}hwirth, R.
and Ghete, V. M.
and Hrubec, J.
and Jeitler, M.
and Krammer, N.
and Kr{\"a}tschmer, I.
and Liko, D.
and Madlener, T.
and Mikulec, I.
and Rad, N.
and Rohringer, H.
and Schieck, J.
and Sch{\"o}fbeck, R.
and Spanring, M.
and Spitzbart, D.
and Taurok, A.
and Waltenberger, W.
and Wittmann, J.
and Wulz, C.-E.
and Zarucki, M.
and Chekhovsky, V.
and Mossolov, V.
and Suarez Gonzalez, J.
and De Wolf, E. A.
and Di Croce, D.
and Janssen, X.
and Lauwers, J.
and Pieters, M.
and Van De Klundert, M.
and Van Haevermaet, H.
and Van Mechelen, P.
and Van Remortel, N.
and Abu Zeid, S.
and Blekman, F.
and D'Hondt, J.
and De Bruyn, I.
and De Clercq, J.
and Deroover, K.
and Flouris, G.
and Lontkovskyi, D.
and Lowette, S.
and Marchesini, I.
and Moortgat, S.
and Moreels, L.
and Python, Q.
and Skovpen, K.
and Tavernier, S.
and Van Doninck, W.
and Van Mulders, P.
and Van Parijs, I.
and Beghin, D.
and Bilin, B.
and Brun, H.
and Clerbaux, B.
and De Lentdecker, G.
and Delannoy, H.
and Dorney, B.
and Fasanella, G.
and Favart, L.
and Goldouzian, R.
and Grebenyuk, A.
and Kalsi, A. K.
and Lenzi, T.
and Luetic, J.
and Seva, T.
and Starling, E.
and Vander Velde, C.
and Vanlaer, P.
and Vannerom, D.
and Yonamine, R.
and Cornelis, T.
and Dobur, D.
and Fagot, A.
and Gul, M.
and Khvastunov, I.
and Poyraz, D.
and Roskas, C.
and Trocino, D.
and Tytgat, M.
and Verbeke, W.
and Vermassen, B.
and Vit, M.
and Zaganidis, N.
and Bakhshiansohi, H.
and Bondu, O.
and Brochet, S.
and Bruno, G.
and Caputo, C.
and Caudron, A.
and David, P.
and De Visscher, S.
and Delaere, C.
and Delcourt, M.
and Francois, B.
and Giammanco, A.
and Krintiras, G.
and Lemaitre, V.
and Magitteri, A.
and Mertens, A.
and Musich, M.
and Piotrzkowski, K.
and Quertenmont, L.
and Saggio, A.
and Vidal Marono, M.
and Wertz, S.
and Zobec, J.
and Ald{\'a} J{\'u}nior, W. L.
and Alves, F. L.
and Alves, G. A.
and Brito, L.
and Correia Silva, G.
and Hensel, C.
and Moraes, A.
and Pol, M. E.
and Rebello Teles, P.
and Belchior Batista Das Chagas, E.
and Carvalho, W.
and Chinellato, J.
and Coelho, E.
and Da Costa, E. M.
and Da Silveira, G. G.
and De Jesus Damiao, D.
and Fonseca De Souza, S.
and Malbouisson, H.
and Medina Jaime, M.
and Melo De Almeida, M.
and Mora Herrera, C.
and Mundim, L.
and Nogima, H.
and Sanchez Rosas, L. J.
and Santoro, A.
and Sznajder, A.
and Thiel, M.
and Tonelli Manganote, E. J.
and Torres Da Silva De Araujo, F.
and Vilela Pereira, A.
and Ahuja, S.
and Bernardes, C. A.
and Calligaris, L.
and Fernandez Perez Tomei, T. R.
and Gregores, E. M.
and Mercadante, P. G.
and Novaes, S. F.
and Padula, Sandra S.
and Romero Abad, D.
and Ruiz Vargas, J. C.
and Aleksandrov, A.
and Hadjiiska, R.
and Iaydjiev, P.
and Marinov, A.
and Misheva, M.
and Rodozov, M.
and Shopova, M.
and Sultanov, G.
and Dimitrov, A.
and Litov, L.
and Pavlov, B.
and Petkov, P.
and Fang, W.
and Gao, X.
and Yuan, L.
and Ahmad, M.
and Bian, J. G.
and Chen, G. M.
and Chen, H. S.
and Chen, M.
and Chen, Y.
and Jiang, C. H.
and Leggat, D.
and Liao, H.
and Liu, Z.
and Romeo, F.
and Shaheen, S. M.
and Spiezia, A.
and Tao, J.
and Wang, C.
and Wang, Z.
and Yazgan, E.
and Zhang, H.
and Zhao, J.
and Ban, Y.
and Chen, G.
and Li, J.
and Li, Q.
and Liu, S.
and Mao, Y.
and Qian, S. J.
and Wang, D.
and Xu, Z.
and Wang, Y.
and Avila, C.
and Cabrera, A.
and Carrillo Montoya, C. A.
and Chaparro Sierra, L. F.
and Florez, C.
and Gonz{\'a}lez Hern{\'a}ndez, C. F.
and Segura Delgado, M. A.
and Courbon, B.
and Godinovic, N.
and Lelas, D.
and Puljak, I.
and Sculac, T.
and Antunovic, Z.
and Kovac, M.
and Brigljevic, V.
and Ferencek, D.
and Kadija, K.
and Mesic, B.
and Starodumov, A.
and Susa, T.
and Ather, M. W.
and Attikis, A.
and Mavromanolakis, G.
and Mousa, J.
and Nicolaou, C.
and Ptochos, F.
and Razis, P. A.
and Rykaczewski, H.
and Finger, M.
and Finger, M.
and Carrera Jarrin, E.
and Ellithi Kamel, A.
and Mahmoud, M. A.
and Mohammed, Y.
and Bhowmik, S.
and Dewanjee, R. K.
and Kadastik, M.
and Perrini, L.
and Raidal, M.
and Veelken, C.
and Eerola, P.
and Kirschenmann, H.
and Pekkanen, J.
and Voutilainen, M.
and Havukainen, J.
and Heikkil{\"a}, J. K.
and J{\"a}rvinen, T.
and Karim{\"a}ki, V.
and Kinnunen, R.
and Lamp{\'e}n, T.
and Lassila-Perini, K.
and Laurila, S.
and Lehti, S.
and Lind{\'e}n, T.
and Luukka, P.
and M{\"a}enp{\"a}{\"a}, T.
and Siikonen, H.
and Tuominen, E.
and Tuominiemi, J.
and Tuuva, T.
and Besancon, M.
and Couderc, F.
and Dejardin, M.
and Denegri, D.
and Faure, J. L.
and Ferri, F.
and Ganjour, S.
and Ghosh, S.
and Givernaud, A.
and Gras, P.
and Hamel de Monchenault, G.
and Jarry, P.
and Leloup, C.
and Locci, E.
and Machet, M.
and Malcles, J.
and Negro, G.
and Rander, J.
and Rosowsky, A.
and Sahin, M. {\"O}.
and Titov, M.
and Abdulsalam, A.
and Amendola, C.
and Antropov, I.
and Baffioni, S.
and Beaudette, F.
and Busson, P.
and Cadamuro, L.
and Charlot, C.
and Granier de Cassagnac, R.
and Jo, M.
and Kucher, I.
and Lisniak, S.
and Lobanov, A.
and Martin Blanco, J.
and Nguyen, M.",
title="Jet properties in PbPb and pp collisions at sNN=5.02{\$}{\$} {\backslash}sqrt{\{}s{\_}{\{}{\backslash}mathrm{\{}N{\}}{\backslash};{\backslash}mathrm{\{}N{\}}{\}}{\}}=5.02 {\$}{\$}TeV",
journal="Journal of High Energy Physics",
year="2018",
month="May",
day="02",
volume="2018",
number="5",
pages="6",
abstract="Modifications of the properties of jets in PbPb collisions, relative to those in pp collisions, are studied at a nucleon-nucleon center-of-mass energy of sNN=5.02{\$}{\$} {\backslash}sqrt{\{}s{\_}{\{}{\backslash}mathrm{\{}N{\}}{\backslash};{\backslash}mathrm{\{}N{\}}{\}}{\}}=5.02 {\$}{\$}TeV via correlations of charged particles with the jet axis in relative pseudorapidity ($\Delta$$\eta$), relative azimuth ($\Delta$ϕ), and relative angular distance from the jet axis $\Delta$r=$\Delta$$\eta$2+$\Delta$ϕ2{\$}{\$} {\backslash}varDelta {\backslash}mathrm{\{}r{\}}={\backslash}sqrt{\{}{\{}{\backslash}left({\backslash}varDelta {\backslash}eta {\backslash}right){\}}^2+{\{}{\backslash}left({\backslash}varDelta {\backslash}phi {\backslash}right){\}}^2{\}} {\$}{\$}. This analysis uses data collected with the CMS detector at the LHC, corresponding to integrated luminosities of 404 $\mu$b−1 and 27.4 pb−1 for PbPb and pp collisions, respectively. Charged particle number densities, jet fragmentation functions, and jet shapes are presented as a function of PbPb collision centrality and charged-particle track transverse momentum, providing a differential description of jet modifications due to interactions with the quark-gluon plasma.",
issn="1029-8479",
doi="10.1007/JHEP05(2018)006",
url="https://doi.org/10.1007/JHEP05(2018)006"
}

