@Article{Aaboud2018,
author="Aaboud, M.
and Aad, G.
and Abbott, B.
and Abdinov, O.
and Abeloos, B.
and Abidi, S. H.
and AbouZeid, O. S.
and Abraham, N. L.
and Abramowicz, H.
and Abreu, H.
and Abreu, R.
and Abulaiti, Y.
and Acharya, B. S.
and Adachi, S.
and Adamczyk, L.
and Adelman, J.
and Adersberger, M.
and Adye, T.
and Affolder, A. A.
and Afik, Y.
and Agatonovic-Jovin, T.
and Agheorghiesei, C.
and Aguilar-Saavedra, J. A.
and Ahlen, S. P.
and Ahmadov, F.
and Aielli, G.
and Akatsuka, S.
and Akerstedt, H.
and {\AA}kesson, T. P. A.
and Akilli, E.
and Akimov, A. V.
and Alberghi, G. L.
and Albert, J.
and Albicocco, P.
and Alconada Verzini, M. J.
and Alderweireldt, S. C.
and Aleksa, M.
and Aleksandrov, I. N.
and Alexa, C.
and Alexander, G.
and Alexopoulos, T.
and Alhroob, M.
and Ali, B.
and Aliev, M.
and Alimonti, G.
and Alison, J.
and Alkire, S. P.
and Allbrooke, B. M. M.
and Allen, B. W.
and Allport, P. P.
and Aloisio, A.
and Alonso, A.
and Alonso, F.
and Alpigiani, C.
and Alshehri, A. A.
and Alstaty, M. I.
and Alvarez Gonzalez, B.
and {\'A}lvarez Piqueras, D.
and Alviggi, M. G.
and Amadio, B. T.
and Amaral Coutinho, Y.
and Amelung, C.
and Amidei, D.
and Amor Dos Santos, S. P.
and Amoroso, S.
and Amundsen, G.
and Anastopoulos, C.
and Ancu, L. S.
and Andari, N.
and Andeen, T.
and Anders, C. F.
and Anders, J. K.
and Anderson, K. J.
and Andreazza, A.
and Andrei, V.
and Angelidakis, S.
and Angelozzi, I.
and Angerami, A.
and Anisenkov, A. V.
and Anjos, N.
and Annovi, A.
and Antel, C.
and Antonelli, M.
and Antonov, A.
and Antrim, D. J.
and Anulli, F.
and Aoki, M.
and Aperio Bella, L.
and Arabidze, G.
and Arai, Y.
and Araque, J. P.
and Araujo Ferraz, V.
and Arce, A. T. H.
and Ardell, R. E.
and Arduh, F. A.
and Arguin, J.-F.
and Argyropoulos, S.
and Arik, M.
and Armbruster, A. J.
and Armitage, L. J.
and Arnaez, O.
and Arnold, H.
and Arratia, M.
and Arslan, O.
and Artamonov, A.
and Artoni, G.
and Artz, S.
and Asai, S.
and Asbah, N.
and Ashkenazi, A.
and Asquith, L.
and Assamagan, K.
and Astalos, R.
and Atkinson, M.
and Atlay, N. B.
and Augsten, K.
and Avolio, G.
and Axen, B.
and Ayoub, M. K.
and Azuelos, G.
and Baas, A. E.
and Baca, M. J.
and Bachacou, H.
and Bachas, K.
and Backes, M.
and Bagnaia, P.
and Bahmani, M.
and Bahrasemani, H.
and Baines, J. T.
and Bajic, M.
and Baker, O. K.
and Bakker, P. J.
and Baldin, E. M.
and Balek, P.
and Balli, F.
and Balunas, W. K.
and Banas, E.
and Bandyopadhyay, A.
and Banerjee, Sw.
and Bannoura, A. A. E.
and Barak, L.
and Barberio, E. L.
and Barberis, D.
and Barbero, M.
and Barillari, T.
and Barisits, M.-S.
and Barkeloo, J. T.
and Barklow, T.
and Barlow, N.
and Barnes, S. L.
and Barnett, B. M.
and Barnett, R. M.
and Barnovska-Blenessy, Z.
and Baroncelli, A.
and Barone, G.
and Barr, A. J.
and Barranco Navarro, L.
and Barreiro, F.
and Barreiro Guimar{\~a}es da Costa, J.
and Bartoldus, R.
and Barton, A. E.
and Bartos, P.
and Basalaev, A.
and Bassalat, A.
and Bates, R. L.
and Batista, S. J.
and Batley, J. R.
and Battaglia, M.
and Bauce, M.
and Bauer, F.
and Bawa, H. S.
and Beacham, J. B.
and Beattie, M. D.
and Beau, T.
and Beauchemin, P. H.
and Bechtle, P.
and Beck, H. P.
and Beck, H. C.
and Becker, K.
and Becker, M.
and Becot, C.
and Beddall, A. J.
and Beddall, A.
and Bednyakov, V. A.
and Bedognetti, M.
and Bee, C. P.
and Beermann, T. A.
and Begalli, M.
and Begel, M.
and Behr, J. K.
and Bell, A. S.
and Bella, G.
and Bellagamba, L.
and Bellerive, A.
and Bellomo, M.
and Belotskiy, K.
and Beltramello, O.
and Belyaev, N. L.
and Benary, O.
and Benchekroun, D.
and Bender, M.
and Benekos, N.
and Benhammou, Y.
and Benhar Noccioli, E.
and Benitez, J.
and Benjamin, D. P.
and Benoit, M.
and Bensinger, J. R.
and Bentvelsen, S.
and Beresford, L.
and Beretta, M.
and Berge, D.
and Bergeaas Kuutmann, E.
and Berger, N.
and Bergsten, L. J.
and Beringer, J.
and Berlendis, S.
and Bernard, N. R.
and Bernardi, G.
and Bernius, C.
and Bernlochner, F. U.
and Berry, T.
and Berta, P.
and Bertella, C.
and Bertoli, G.
and Bertram, I. A.
and Bertsche, C.
and Besjes, G. J.
and Bessidskaia Bylund, O.
and Bessner, M.
and Besson, N.
and Bethani, A.
and Bethke, S.
and Betti, A.
and Bevan, A. J.
and Beyer, J.
and Bianchi, R. M.
and Biebel, O.
and Biedermann, D.
and Bielski, R.
and Bierwagen, K.
and Biesuz, N. V.
and Biglietti, M.
and Billoud, T. R. V.
and Bilokon, H.
and Bindi, M.
and Bingul, A.
and Bini, C.
and Biondi, S.
and Bisanz, T.
and Bittrich, C.
and Bjergaard, D. M.
and Black, J. E.
and Black, K. M.
and Blair, R. E.
and Blazek, T.
and Bloch, I.
and Blocker, C.
and Blue, A.
and Blumenschein, U.
and Blunier, S.
and Bobbink, G. J.
and Bobrovnikov, V. S.
and Bocchetta, S. S.
and Bocci, A.
and Bock, C.
and Boehler, M.
and Boerner, D.
and Bogavac, D.
and Bogdanchikov, A. G.
and Bohm, C.
and Boisvert, V.
and Bokan, P.
and Bold, T.
and Boldyrev, A. S.
and Bolz, A. E.
and Bomben, M.
and Bona, M.
and Boonekamp, M.
and Borisov, A.
and Borissov, G.
and Bortfeldt, J.
and Bortoletto, D.
and Bortolotto, V.
and Boscherini, D.
and Bosman, M.
and Bossio Sola, J. D.
and Boudreau, J.
and Bouhova-Thacker, E. V.
and Boumediene, D.
and Bourdarios, C.
and Boutle, S. K.
and Boveia, A.
and Boyd, J.
and Boyko, I. R.
and Bozson, A. J.
and Bracinik, J.
and Brandt, A.
and Brandt, G.
and Brandt, O.",
title="Measurement of longitudinal flow decorrelations in Pb+Pb collisions at {\$}{\$}{\backslash}sqrt{\{}s{\_}{\{}{\backslash}text {\{}NN{\}}{\}}{\}}=2.76{\$}{\$}sNN=2.76and 5.02 TeV with the ATLAS detector",
journal="The European Physical Journal C",
year="2018",
month="Feb",
day="19",
volume="78",
number="2",
pages="142",
abstract="Measurements of longitudinal flow correlations are presented for charged particles in the pseudorapidity range {\$}{\$}|{\backslash}eta |<2.4{\$}{\$}|$\eta$|<2.4using 7 and 470 {\$}{\$}{\backslash}upmu {\backslash}hbox {\{}b{\}}^{\{}-1{\}}{\$}{\$}$\mu$b-1of Pb+Pb collisions at {\$}{\$}{\backslash}sqrt{\{}s{\_}{\{}{\backslash}text {\{}NN{\}}{\}}{\}}=2.76{\$}{\$}sNN=2.76and 5.02 TeV, respectively, recorded by the ATLAS detector at the LHC. It is found that the correlation between the harmonic flow coefficients {\$}{\$}v{\_}n{\$}{\$}vnmeasured in two separated {\$}{\$}{\backslash}eta {\$}{\$}$\eta$intervals does not factorise into the product of single-particle coefficients, and this breaking of factorisation, or flow decorrelation, increases linearly with the {\$}{\$}{\backslash}eta {\$}{\$}$\eta$separation between the intervals. The flow decorrelation is stronger at 2.76 TeV than at 5.02 TeV. Higher-order moments of the correlations are also measured, and the corresponding linear coefficients for the {\$}{\$}k{\{}{\backslash}text {\{}th{\}}{\}}{\$}{\$}kth-moment of the {\$}{\$}v{\_}n{\$}{\$}vnare found to be proportional to k for {\$}{\$}v{\_}3{\$}{\$}v3, but not for {\$}{\$}v{\_}2{\$}{\$}v2. The decorrelation effect is separated into contributions from the magnitude of {\$}{\$}v{\_}n{\$}{\$}vnand the event-plane orientation, each as a function of {\$}{\$}{\backslash}eta {\$}{\$}$\eta$. These two contributions are found to be comparable. The longitudinal flow correlations are also measured between {\$}{\$}v{\_}n{\$}{\$}vnof different order in n. The decorrelations of {\$}{\$}v{\_}2{\$}{\$}v2and {\$}{\$}v{\_}3{\$}{\$}v3are found to be independent of each other, while the decorrelations of {\$}{\$}v{\_}4{\$}{\$}v4and {\$}{\$}v{\_}5{\$}{\$}v5are found to be driven by the nonlinear contribution from {\$}{\$}v{\_}2^2{\$}{\$}v22and {\$}{\$}v{\_}2v{\_}3{\$}{\$}v2v3, respectively.",
issn="1434-6052",
doi="10.1140/epjc/s10052-018-5605-7",
url="https://doi.org/10.1140/epjc/s10052-018-5605-7"
}

