@Article{Khachatryan2016,
author="{The CMS collaboration}
and Khachatryan, V.
and Sirunyan, A. M.
and Tumasyan, A.
and Adam, W.
and Asilar, E.
and Bergauer, T.
and Brandstetter, J.
and Brondolin, E.
and Dragicevic, M.
and Er{\"o}, J.
and Flechl, M.
and Friedl, M.
and Fr{\"u}hwirth, R.
and Ghete, V. M.
and Hartl, C.
and H{\"o}rmann, N.
and Hrubec, J.
and Jeitler, M.
and Kn{\"u}nz, V.
and K{\"o}nig, A.
and Krammer, M.
and Kr{\"a}tschmer, I.
and Liko, D.
and Matsushita, T.
and Mikulec, I.
and Rabady, D.
and Rad, N.
and Rahbaran, B.
and Rohringer, H.
and Schieck, J.
and Sch{\"o}fbeck, R.
and Strauss, J.
and Treberer-Treberspurg, W.
and Waltenberger, W.
and Wulz, C.-E.
and Mossolov, V.
and Shumeiko, N.
and Suarez Gonzalez, J.
and Alderweireldt, S.
and Cornelis, T.
and De Wolf, E. A.
and Janssen, X.
and Knutsson, A.
and Lauwers, J.
and Luyckx, S.
and Van De Klundert, M.
and Van Haevermaet, H.
and Van Mechelen, P.
and Van Remortel, N.
and Van Spilbeeck, A.
and Abu Zeid, S.
and Blekman, F.
and D'Hondt, J.
and Daci, N.
and De Bruyn, I.
and Deroover, K.
and Heracleous, N.
and Keaveney, J.
and Lowette, S.
and Moreels, L.
and Olbrechts, A.
and Python, Q.
and Strom, D.
and Tavernier, S.
and Van Doninck, W.
and Van Mulders, P.
and Van Onsem, G. P.
and Van Parijs, I.
and Barria, P.
and Brun, H.
and Caillol, C.
and Clerbaux, B.
and De Lentdecker, G.
and Fasanella, G.
and Favart, L.
and Goldouzian, R.
and Grebenyuk, A.
and Karapostoli, G.
and Lenzi, T.
and L{\'e}onard, A.
and Maerschalk, T.
and Marinov, A.
and Perni{\`e}, L.
and Randle-conde, A.
and Seva, T.
and Vander Velde, C.
and Vanlaer, P.
and Yonamine, R.
and Zenoni, F.
and Zhang, F.
and Beernaert, K.
and Benucci, L.
and Cimmino, A.
and Crucy, S.
and Dobur, D.
and Fagot, A.
and Garcia, G.
and Gul, M.
and Mccartin, J.
and Ocampo Rios, A. A.
and Poyraz, D.
and Ryckbosch, D.
and Salva, S.
and Sigamani, M.
and Tytgat, M.
and Van Driessche, W.
and Yazgan, E.
and Zaganidis, N.
and Basegmez, S.
and Beluffi, C.
and Bondu, O.
and Brochet, S.
and Bruno, G.
and Caudron, A.
and Ceard, L.
and Delaere, C.
and Favart, D.
and Forthomme, L.
and Giammanco, A.
and Jafari, A.
and Jez, P.
and Komm, M.
and Lemaitre, V.
and Mertens, A.
and Musich, M.
and Nuttens, C.
and Perrini, L.
and Piotrzkowski, K.
and Popov, A.
and Quertenmont, L.
and Selvaggi, M.
and Vidal Marono, M.
and Beliy, N.
and Hammad, G. H.
and Ald{\'a} J{\'u}nior, W. L.
and Alves, F. L.
and Alves, G. A.
and Brito, L.
and Correa Martins Junior, M.
and Hamer, M.
and Hensel, C.
and Moraes, A.
and Pol, M. E.
and Rebello Teles, P.
and Belchior Batista Das Chagas, E.
and Carvalho, W.
and Chinellato, J.
and Cust{\'o}dio, A.
and Da Costa, E. M.
and De Jesus Damiao, D.
and De Oliveira Martins, C.
and Fonseca De Souza, S.
and Huertas Guativa, L. M.
and Malbouisson, H.
and Matos Figueiredo, D.
and Mora Herrera, C.
and Mundim, L.
and Nogima, H.
and Prado Da Silva, W. L.
and Santoro, A.
and Sznajder, A.
and Tonelli Manganote, E. J.
and Vilela Pereira, A.
and Ahuja, S.
and Bernardes, C. A.
and De Souza Santos, A.
and Dogra, S.
and Fernandez Perez Tomei, T. R.
and Gregores, E. M.
and Mercadante, P. G.
and Moon, C. S.
and Novaes, S. F.
and Padula, Sandra S.
and Romero Abad, D.
and Ruiz Vargas, J. C.
and Aleksandrov, A.
and Hadjiiska, R.
and Iaydjiev, P.
and Rodozov, M.
and Stoykova, S.
and Sultanov, G.
and Vutova, M.
and Dimitrov, A.
and Glushkov, I.
and Litov, L.
and Pavlov, B.
and Petkov, P.
and Ahmad, M.
and Bian, J. G.
and Chen, G. M.
and Chen, H. S.
and Chen, M.
and Cheng, T.
and Du, R.
and Jiang, C. H.
and Leggat, D.
and Plestina, R.
and Romeo, F.
and Shaheen, S. M.
and Spiezia, A.
and Tao, J.
and Wang, C.
and Wang, Z.
and Zhang, H.
and Asawatangtrakuldee, C.
and Ban, Y.
and Li, Q.
and Liu, S.
and Mao, Y.
and Qian, S. J.
and Wang, D.
and Xu, Z.
and Avila, C.
and Cabrera, A.
and Chaparro Sierra, L. F.
and Florez, C.
and Gomez, J. P.
and Gomez Moreno, B.
and Sanabria, J. C.
and Godinovic, N.
and Lelas, D.
and Puljak, I.
and Ribeiro Cipriano, P. M.
and Antunovic, Z.
and Kovac, M.
and Brigljevic, V.
and Kadija, K.
and Luetic, J.
and Micanovic, S.
and Sudic, L.
and Attikis, A.
and Mavromanolakis, G.
and Mousa, J.
and Nicolaou, C.
and Ptochos, F.
and Razis, P. A.
and Rykaczewski, H.
and Bodlak, M.
and Finger, M.
and Finger, M.
and Abdelalim, A. A.
and Awad, A.
and Mahrous, A.
and Radi, A.
and Calpas, B.
and Kadastik, M.
and Murumaa, M.
and Raidal, M.
and Tiko, A.
and Veelken, C.
and Eerola, P.
and Pekkanen, J.
and Voutilainen, M.
and H{\"a}rk{\"o}nen, J.
and Karim{\"a}ki, V.
and Kinnunen, R.
and Lamp{\'e}n, T.
and Lassila-Perini, K.
and Lehti, S.
and Lind{\'e}n, T.
and Luukka, P.
and Peltola, T.
and Tuominen, E.
and Tuominiemi, J.
and Tuovinen, E.
and Wendland, L.
and Talvitie, J.
and Tuuva, T.
and Besancon, M.
and Couderc, F.
and Dejardin, M.
and Denegri, D.
and Fabbro, B.
and Faure, J. L.
and Favaro, C.
and Ferri, F.
and Ganjour, S.
and Givernaud, A.
and Gras, P.
and Hamel de Monchenault, G.
and Jarry, P.
and Locci, E.
and Machet, M.
and Malcles, J.
and Rander, J.
and Rosowsky, A.
and Titov, M.
and Zghiche, A.
and Antropov, I.
and Baffioni, S.
and Beaudette, F.
and Busson, P.
and Cadamuro, L.
and Chapon, E.
and Charlot, C.
and Davignon, O.
and Filipovic, N.
and Granier de Cassagnac, R.
and Jo, M.",
title="Correlations between jets and charged particles in PbPb and pp collisions at sNN=2.76{\$}{\$} {\backslash}sqrt{\{}s{\_}{\{}{\backslash}mathrm{\{}NN{\}}{\}}{\}}=2.76 {\$}{\$}TeV",
journal="Journal of High Energy Physics",
year="2016",
month="Feb",
day="23",
volume="2016",
number="2",
pages="156",
abstract="The quark-gluon plasma is studied via medium-induced changes to correlations between jets and charged particles in PbPb collisions compared to pp reference data. This analysis uses data sets from PbPb and pp collisions with integrated luminosities of 166 $\mu$b−1 and 5.3 pb−1, respectively, collected at sNN=2.76{\$}{\$} {\backslash}sqrt{\{}s{\_}{\{}{\backslash}mathrm{\{}NN{\}}{\}}{\}}=2.76 {\$}{\$}TeV. The angular distributions of charged particles are studied as a function of relative pseudorapidity ($\Delta$$\eta$) and relative azimuthal angle ($\Delta$ϕ) with respect to reconstructed jet directions. Charged particles are correlated with all jets with transverse momentum (pT) above 120 GeV, and with the leading and subleading jets (the highest and second-highest in pT, respectively) in a selection of back-to-back dijet events. Modifications in PbPb data relative to pp reference data are characterized as a function of PbPb collision centrality and charged particle pT. A centrality-dependent excess of low-pT particles is present for all jets studied, and is most pronounced in the most central events. This excess of low-pT particles follows a Gaussian-like distribution around the jet axis, and extends to large relative angles of $\Delta$$\eta$ ≈ 1 and $\Delta$ϕ ≈ 1.",
issn="1029-8479",
doi="10.1007/JHEP02(2016)156",
url="https://doi.org/10.1007/JHEP02(2016)156"
}

