@ARTICLE{2010LanB...23..240H,
       author = {{Heinz}, Ulrich},
        title = "{Early Collective Expansion: Relativistic Hydrodynamics and the Transport Properties of QCD Matter}",
      journal = {Landolt B\&ouml;rnstein},
     keywords = {heavy ion collision, quantum chromodynamics, Standard Model, quark-gluon plasma, confinement-deconfinement transition, phase diagram, equation-of-state, relativistic hydrodynamics, ideal fluid, viscous fluid, transport property, Navier-Stokes theory, Glauber model, color glass condensate, fireball, elliptic flow, viscosity, Nuclear Theory},
         year = "2010",
        month = "Jan",
       volume = {23},
        pages = {240},
          doi = {10.1007/978-3-642-01539-7_9},
archivePrefix = {arXiv},
       eprint = {0901.4355},
 primaryClass = {nucl-th},
       adsurl = {https://ui.adsabs.harvard.edu/abs/2010LanB...23..240H},
      adsnote = {Provided by the SAO/NASA Astrophysics Data System}
}

