@PHDTHESIS{2013PhDT........31Q,
       author = {{Qiu}, Zhi},
        title = "{Event-by-event Hydrodynamic Simulations for Relativistic Heavy-ion Collisions}",
     keywords = {Physics, Elementary Particles and High Energy, Nuclear Theory, Nuclear Experiment},
       school = {The Ohio State University},
         year = "2013",
        month = "Jan",
       adsurl = {https://ui.adsabs.harvard.edu/abs/2013PhDT........31Q},
      adsnote = {Provided by the SAO/NASA Astrophysics Data System}
}

