@ARTICLE{2017arXiv170300670S,
       author = {{Song}, Huichao and {Zhou}, You and {Gajdosova}, Katarina},
        title = "{Collective flow and hydrodynamics in large and small systems at the LHC}",
      journal = {arXiv e-prints},
     keywords = {Nuclear Theory, High Energy Physics - Phenomenology, Nuclear Experiment},
         year = "2017",
        month = "Mar",
          eid = {arXiv:1703.00670},
        pages = {arXiv:1703.00670},
archivePrefix = {arXiv},
       eprint = {1703.00670},
 primaryClass = {nucl-th},
       adsurl = {https://ui.adsabs.harvard.edu/abs/2017arXiv170300670S},
      adsnote = {Provided by the SAO/NASA Astrophysics Data System}
}

