@article{PhysRevC.72.064901,
  title = {Multiphase transport model for relativistic heavy ion collisions},
  author = {Lin, Zi-Wei and Ko, Che Ming and Li, Bao-An and Zhang, Bin and Pal, Subrata},
  journal = {Phys. Rev. C},
  volume = {72},
  issue = {6},
  pages = {064901},
  numpages = {29},
  year = {2005},
  month = {Dec},
  publisher = {American Physical Society},
  doi = {10.1103/PhysRevC.72.064901},
  url = {https://link.aps.org/doi/10.1103/PhysRevC.72.064901}
}
