@article{PhysRevD.94.112002,
  title = {Jet flavor classification in high-energy physics with deep neural networks},
  author = {Guest, Daniel and Collado, Julian and Baldi, Pierre and Hsu, Shih-Chieh and Urban, Gregor and Whiteson, Daniel},
  journal = {Phys. Rev. D},
  volume = {94},
  issue = {11},
  pages = {112002},
  numpages = {12},
  year = {2016},
  month = {Dec},
  publisher = {American Physical Society},
  doi = {10.1103/PhysRevD.94.112002},
  url = {https://link.aps.org/doi/10.1103/PhysRevD.94.112002}
}
