@article{PhysRevD.44.3501,
  title = {hijing: A Monte Carlo model for multiple jet production in $\mathrm{pp}$, $\mathrm{pA}$, and $\mathrm{AA}$ collisions},
  author = {Wang, Xin-Nian and Gyulassy, Miklos},
  journal = {Phys. Rev. D},
  volume = {44},
  issue = {11},
  pages = {3501--3516},
  numpages = {0},
  year = {1991},
  month = {Dec},
  publisher = {American Physical Society},
  doi = {10.1103/PhysRevD.44.3501},
  url = {https://link.aps.org/doi/10.1103/PhysRevD.44.3501}
}
