@article{PhysRevC.96.024908,
  title = {Measurements of long-range azimuthal anisotropies and associated Fourier coefficients for $pp$ collisions at $\sqrt{s}=5.02$ and 13 TeV and $p+\text{Pb}$ collisions at $\sqrt{{s}_{\mathrm{NN}}}=5.02$ TeV with the ATLAS detector},
  author = {Aaboud, M. and Aad, G. and Abbott, B. and Abdallah, J. and Abdinov, O. and Abeloos, B. and AbouZeid, O. S. and Abraham, N. L. and Abramowicz, H. and Abreu, H. and Abreu, R. and Abulaiti, Y. and Acharya, B. S. and Adachi, S. and Adamczyk, L. and Adams, D. L. and Adelman, J. and Adomeit, S. and Adye, T. and Affolder, A. A. and Agatonovic-Jovin, T. and Aguilar-Saavedra, J. A. and Ahlen, S. P. and Ahmadov, F. and Aielli, G. and Akerstedt, H. and \AA{}kesson, T. P. A. and Akimov, A. V. and Alberghi, G. L. and Albert, J. and Albrand, S. and Alconada Verzini, M. J. and Aleksa, M. and Aleksandrov, I. N. and Alexa, C. and Alexander, G. and Alexopoulos, T. and Alhroob, M. and Ali, B. and Aliev, M. and Alimonti, G. and Alison, J. and Alkire, S. P. and Allbrooke, B. M. M. and Allen, B. W. and Allport, P. P. and Aloisio, A. and Alonso, A. and Alonso, F. and Alpigiani, C. and Alshehri, A. A. and Alstaty, M. and Alvarez Gonzalez, B. and \'Alvarez Piqueras, D. and Alviggi, M. G. and Amadio, B. T. and Amaral Coutinho, Y. and Amelung, C. and Amidei, D. and Amor Dos Santos, S. P. and Amorim, A. and Amoroso, S. and Amundsen, G. and Anastopoulos, C. and Ancu, L. S. and Andari, N. and Andeen, T. and Anders, C. F. and Anders, J. K. and Anderson, K. J. and Andreazza, A. and Andrei, V. and Angelidakis, S. and Angelozzi, I. and Angerami, A. and Anghinolfi, F. and Anisenkov, A. V. and Anjos, N. and Annovi, A. and Antel, C. and Antonelli, M. and Antonov, A. and Antrim, D. J. and Anulli, F. and Aoki, M. and Aperio Bella, L. and Arabidze, G. and Arai, Y. and Araque, J. P. and Arce, A. T. H. and Arduh, F. A. and Arguin, J-F. and Argyropoulos, S. and Arik, M. and Armbruster, A. J. and Armitage, L. J. and Arnaez, O. and Arnold, H. and Arratia, M. and Arslan, O. and Artamonov, A. and Artoni, G. and Artz, S. and Asai, S. and Asbah, N. and Ashkenazi, A. and \AA{}sman, B. and Asquith, L. and Assamagan, K. and Astalos, R. and Atkinson, M. and Atlay, N. B. and Augsten, K. and Avolio, G. and Axen, B. and Ayoub, M. K. and Azuelos, G. and Baak, M. A. and Baas, A. E. and Baca, M. J. and Bachacou, H. and Bachas, K. and Backes, M. and Backhaus, M. and Bagiacchi, P. and Bagnaia, P. and Bai, Y. and Baines, J. T. and Bajic, M. and Baker, O. K. and Baldin, E. M. and Balek, P. and Balestri, T. and Balli, F. and Balunas, W. K. and Banas, E. and Banerjee, Sw. and Bannoura, A. A. E. and Barak, L. and Barberio, E. L. and Barberis, D. and Barbero, M. and Barillari, T. and Barisits, M-S and Barklow, T. and Barlow, N. and Barnes, S. L. and Barnett, B. M. and Barnett, R. M. and Barnovska-Blenessy, Z. and Baroncelli, A. and Barone, G. and Barr, A. J. and Barranco Navarro, L. and Barreiro, F. and Barreiro Guimar\~aes da Costa, J. and Bartoldus, R. and Barton, A. E. and Bartos, P. and Basalaev, A. and Bassalat, A. and Bates, R. L. and Batista, S. J. and Batley, J. R. and Battaglia, M. and Bauce, M. and Bauer, F. and Bawa, H. S. and Beacham, J. B. and Beattie, M. D. and Beau, T. and Beauchemin, P. H. and Bechtle, P. and Beck, H. P. and Becker, K. and Becker, M. and Beckingham, M. and Becot, C. and Beddall, A. J. and Beddall, A. and Bednyakov, V. A. and Bedognetti, M. and Bee, C. P. and Beemster, L. J. and Beermann, T. A. and Begel, M. and Behr, J. K. and Bell, A. S. and Bella, G. and Bellagamba, L. and Bellerive, A. and Bellomo, M. and Belotskiy, K. and Beltramello, O. and Belyaev, N. L. and Benary, O. and Benchekroun, D. and Bender, M. and Bendtz, K. and Benekos, N. and Benhammou, Y. and Benhar Noccioli, E. and Benitez, J. and Benjamin, D. P. and Bensinger, J. R. and Bentvelsen, S. and Beresford, L. and Beretta, M. and Berge, D. and Bergeaas Kuutmann, E. and Berger, N. and Beringer, J. and Berlendis, S. and Bernard, N. R. and Bernius, C. and Bernlochner, F. U. and Berry, T. and Berta, P. and Bertella, C. and Bertoli, G. and Bertolucci, F. and Bertram, I. A. and Bertsche, C. and Bertsche, D. and Besjes, G. J. and Bessidskaia Bylund, O. and Bessner, M. and Besson, N. and Betancourt, C. and Bethani, A. and Bethke, S. and Bevan, A. J. and Bianchi, R. M. and Bianco, M. and Biebel, O. and Biedermann, D. and Bielski, R. and Biesuz, N. V. and Biglietti, M. and Bilbao De Mendizabal, J. and Billoud, T. R. V. and Bilokon, H. and Bindi, M. and Binet, S. and Bingul, A. and Bini, C. and Biondi, S. and Bisanz, T. and Bjergaard, D. M. and Black, C. W. and Black, J. E. and Black, K. M. and Blackburn, D. and Blair, R. E. and Blazek, T. and Bloch, I. and Blocker, C. and Blue, A. and Blum, W. and Blumenschein, U. and Blunier, S. and Bobbink, G. J. and Bobrovnikov, V. S. and Bocchetta, S. S. and Bocci, A. and Bock, C. and Boehler, M. and Boerner, D. and Bogaerts, J. A. and Bogavac, D. and Bogdanchikov, A. G. and Bohm, C. and Boisvert, V. and Bokan, P. and Bold, T. and Boldyrev, A. S. and Bomben, M. and Bona, M. and Boonekamp, M. and Borisov, A. and Borissov, G. and Bortfeldt, J. and Bortoletto, D. and Bortolotto, V. and Bos, K. and Boscherini, D. and Bosman, M. and Bossio Sola, J. D. and Boudreau, J. and Bouffard, J. and Bouhova-Thacker, E. V. and Boumediene, D. and Bourdarios, C. and Boutle, S. K. and Boveia, A. and Boyd, J. and Boyko, I. R. and Bracinik, J. and Brandt, A. and Brandt, G. and Brandt, O. and Bratzler, U. and Brau, B. and Brau, J. E. and Breaden Madden, W. D. and Brendlinger, K. and Brennan, A. J. and Brenner, L. and Brenner, R. and Bressler, S. and Bristow, T. M. and Britton, D. and Britzger, D. and Brochu, F. M. and Brock, I. and Brock, R. and Brooijmans, G. and Brooks, T. and Brooks, W. K. and Brosamer, J. and Brost, E. and Broughton, J. H and Bruckman de Renstrom, P. A. and Bruncko, D. and Bruneliere, R. and Bruni, A. and Bruni, G. and Bruni, L. S. and Brunt, BH and Bruschi, M. and Bruscino, N. and Bryant, P. and Bryngemark, L. and Buanes, T. and Buat, Q. and Buchholz, P. and Buckley, A. G. and Budagov, I. A. and Buehrer, F. and Bugge, M. K. and Bulekov, O. and Bullock, D. and Burckhart, H. and Burdin, S. and Burgard, C. D. and Burger, A. M. and Burghgrave, B. and Burka, K. and Burke, S. and Burmeister, I. and Burr, J. T. P. and Busato, E. and B\"uscher, D. and B\"uscher, V. and Bussey, P. and Butler, J. M. and Buttar, C. M. and Butterworth, J. M. and Butti, P. and Buttinger, W. and Buzatu, A. and Buzykaev, A. R. and Cabrera Urb\'an, S. and Caforio, D. and Cairo, V. M. and Cakir, O. and Calace, N. and Calafiura, P. and Calandri, A. and Calderini, G. and Calfayan, P. and Callea, G. and Caloba, L. P. and Calvente Lopez, S. and Calvet, D. and Calvet, S. and Calvet, T. P. and Camacho Toro, R. and Camarda, S. and Camarri, P. and Cameron, D. and Caminal Armadans, R. and Camincher, C. and Campana, S. and Campanelli, M. and Camplani, A. and Campoverde, A. and Canale, V. and Canepa, A. and Cano Bret, M. and Cantero, J. and Cao, T. and Capeans Garrido, M. D. M. and Caprini, I. and Caprini, M. and Capua, M. and Carbone, R. M. and Cardarelli, R. and Cardillo, F. and Carli, I. and Carli, T. and Carlino, G. and Carminati, L. and Carney, R. M. D. and Caron, S. and Carquin, E. and Carrillo-Montoya, G. D. and Carter, J. R. and Carvalho, J. and Casadei, D. and Casado, M. P. and Casolino, M. and Casper, D. W. and Castaneda-Miranda, E. and Castelijn, R. and Castelli, A. and Castillo Gimenez, V. and Castro, N. F. and Catinaccio, A. and Catmore, J. R. and Cattai, A. and Caudron, J. and Cavaliere, V. and Cavallaro, E. and Cavalli, D. and Cavalli-Sforza, M. and Cavasinni, V. and Ceradini, F. and Cerda Alberich, L. and Cerqueira, A. S. and Cerri, A. and Cerrito, L. and Cerutti, F. and Cervelli, A. and Cetin, S. A. and Chafaq, A. and Chakraborty, D. and Chan, S. K. and Chan, Y. L. and Chang, P. and Chapman, J. D. and Charlton, D. G. and Chatterjee, A. and Chau, C. C. and Chavez Barajas, C. A. and Che, S. and Cheatham, S. and Chegwidden, A. and Chekanov, S. and Chekulaev, S. V. and Chelkov, G. A. and Chelstowska, M. A. and Chen, C. and Chen, H. and Chen, S. and Chen, S. and Chen, X. and Chen, Y. and Cheng, H. C. and Cheng, H. J and Cheng, Y. and Cheplakov, A. and Cheremushkina, E. and Cherkaoui El Moursli, R. and Chernyatin, V. and Cheu, E. and Chevalier, L. and Chiarella, V. and Chiarelli, G. and Chiodini, G. and Chisholm, A. S. and Chitan, A. and Chizhov, M. V. and Choi, K. and Chomont, A. R. and Chouridou, S. and Chow, B. K. B. and Christodoulou, V. and Chromek-Burckhart, D. and Chudoba, J. and Chuinard, A. J. and Chwastowski, J. J. and Chytka, L. and Ciapetti, G. and Ciftci, A. K. and Cinca, D. and Cindro, V. and Cioara, I. A. and Ciocca, C. and Ciocio, A. and Cirotto, F. and Citron, Z. H. and Citterio, M. and Ciubancan, M. and Clark, A. and Clark, B. L. and Clark, M. R. and Clark, P. J. and Clarke, R. N. and Clement, C. and Coadou, Y. and Cobal, M. and Coccaro, A. and Cochran, J. and Colasurdo, L. and Cole, B. and Colijn, A. P. and Collot, J. and Colombo, T. and Conde Mui\~no, P. and Coniavitis, E. and Connell, S. H. and Connelly, I. A. and Consorti, V. and Constantinescu, S. and Conti, G. and Conventi, F. and Cooke, M. and Cooper, B. D. and Cooper-Sarkar, A. M. and Cormier, F. and Cormier, K. J. R. and Cornelissen, T. and Corradi, M. and Corriveau, F. and Cortes-Gonzalez, A. and Cortiana, G. and Costa, G. and Costa, M. J. and Costanzo, D. and Cottin, G. and Cowan, G. and Cox, B. E. and Cranmer, K. and Crawley, S. J. and Cree, G. and Cr\'ep\'e-Renaudin, S. and Crescioli, F. and Cribbs, W. A. and Crispin Ortuzar, M. and Cristinziani, M. and Croft, V. and Crosetti, G. and Cueto, A. and Cuhadar Donszelmann, T. and Cummings, J. and Curatolo, M. and C\'uth, J. and Czirr, H. and Czodrowski, P. and D'amen, G. and D'Auria, S. and D'Onofrio, M. and Da Cunha Sargedas De Sousa, M. J. and Da Via, C. and Dabrowski, W. and Dado, T. and Dai, T. and Dale, O. and Dallaire, F. and Dallapiccola, C. and Dam, M. and Dandoy, J. R. and Dang, N. P. and Daniells, A. C. and Dann, N. S. and Danninger, M. and Dano Hoffmann, M. and Dao, V. and Darbo, G. and Darmora, S. and Dassoulas, J. and Dattagupta, A. and Davey, W. and David, C. and Davidek, T. and Davies, M. and Davison, P. and Dawe, E. and Dawson, I. and De, K. and de Asmundis, R. and De Benedetti, A. and De Castro, S. and De Cecco, S. and De Groot, N. and de Jong, P. and De la Torre, H. and De Lorenzi, F. and De Maria, A. and De Pedis, D. and De Salvo, A. and De Sanctis, U. and De Santo, A. and De Vivie De Regie, J. B. and Dearnaley, W. J. and Debbe, R. and Debenedetti, C. and Dedovich, D. V. and Dehghanian, N. and Deigaard, I. and Del Gaudio, M. and Del Peso, J. and Del Prete, T. and Delgove, D. and Deliot, F. and Delitzsch, C. M. and Dell'Acqua, A. and Dell'Asta, L. and Dell'Orso, M. and Della Pietra, M. and della Volpe, D. and Delmastro, M. and Delsart, P. A. and DeMarco, D. A. and Demers, S. and Demichev, M. and Demilly, A. and Denisov, S. P. and Denysiuk, D. and Derendarz, D. and Derkaoui, J. E. and Derue, F. and Dervan, P. and Desch, K. and Deterre, C. and Dette, K. and Deviveiros, P. O. and Dewhurst, A. and Dhaliwal, S. and Di Ciaccio, A. and Di Ciaccio, L. and Di Clemente, W. K. and Di Donato, C. and Di Girolamo, A. and Di Girolamo, B. and Di Micco, B. and Di Nardo, R. and Di Petrillo, K. F. and Di Simone, A. and Di Sipio, R. and Di Valentino, D. and Diaconu, C. and Diamond, M. and Dias, F. A. and Diaz, M. A. and Diehl, E. B. and Dietrich, J. and D\'{\i}ez Cornell, S. and Dimitrievska, A. and Dingfelder, J. and Dita, P. and Dita, S. and Dittus, F. and Djama, F. and Djobava, T. and Djuvsland, J. I. and do Vale, M. A. B. and Dobos, D. and Dobre, M. and Doglioni, C. and Dolejsi, J. and Dolezal, Z. and Donadelli, M. and Donati, S. and Dondero, P. and Donini, J. and Dopke, J. and Doria, A. and Dova, M. T. and Doyle, A. T. and Drechsler, E. and Dris, M. and Du, Y. and Duarte-Campderros, J. and Duchovni, E. and Duckeck, G. and Ducu, O. A. and Duda, D. and Dudarev, A. and Dudder, A. Chr. and Duffield, E. M. and Duflot, L. and D\"uhrssen, M. and Dumancic, M. and Duncan, A. K. and Dunford, M. and Duran Yildiz, H. and D\"uren, M. and Durglishvili, A. and Duschinger, D. and Dutta, B. and Dyndal, M. and Eckardt, C. and Ecker, K. M. and Edgar, R. C. and Edwards, N. C. and Eifert, T. and Eigen, G. and Einsweiler, K. and Ekelof, T. and El Kacimi, M. and Ellajosyula, V. and Ellert, M. and Elles, S. and Ellinghaus, F. and Elliot, A. A. and Ellis, N. and Elmsheuser, J. and Elsing, M. and Emeliyanov, D. and Enari, Y. and Endner, O. C. and Ennis, J. S. and Erdmann, J. and Ereditato, A. and Ernis, G. and Ernst, J. and Ernst, M. and Errede, S. and Ertel, E. and Escalier, M. and Esch, H. and Escobar, C. and Esposito, B. and Etienvre, A. I. and Etzion, E. and Evans, H. and Ezhilov, A. and Ezzi, M. and Fabbri, F. and Fabbri, L. and Facini, G. and Fakhrutdinov, R. M. and Falciano, S. and Falla, R. J. and Faltova, J. and Fang, Y. and Fanti, M. and Farbin, A. and Farilla, A. and Farina, C. and Farina, E. M. and Farooque, T. and Farrell, S. and Farrington, S. M. and Farthouat, P. and Fassi, F. and Fassnacht, P. and Fassouliotis, D. and Faucci Giannelli, M. and Favareto, A. and Fawcett, W. J. and Fayard, L. and Fedin, O. L. and Fedorko, W. and Feigl, S. and Feligioni, L. and Feng, C. and Feng, E. J. and Feng, H. and Fenyuk, A. B. and Feremenga, L. and Fernandez Martinez, P. and Fernandez Perez, S. and Ferrando, J. and Ferrari, A. and Ferrari, P. and Ferrari, R. and Ferreira de Lima, D. E. and Ferrer, A. and Ferrere, D. and Ferretti, C. and Fiedler, F. and Filip\ifmmode \check{c}\else \v{c}\fi{}i\ifmmode \check{c}\else \v{c}\fi{}, A. and Filipuzzi, M. and Filthaut, F. and Fincke-Keeler, M. and Finelli, K. D. and Fiolhais, M. C. N. and Fiorini, L. and Fischer, A. and Fischer, C. and Fischer, J. and Fisher, W. C. and Flaschel, N. and Fleck, I. and Fleischmann, P. and Fletcher, G. T. and Fletcher, R. R. M. and Flick, T. and Flierl, B. M. and Flores Castillo, L. R. and Flowerdew, M. J. and Forcolin, G. T. and Formica, A. and Forti, A. and Foster, A. G. and Fournier, D. and Fox, H. and Fracchia, S. and Francavilla, P. and Franchini, M. and Francis, D. and Franconi, L. and Franklin, M. and Frate, M. and Fraternali, M. and Freeborn, D. and Fressard-Batraneanu, S. M. and Friedrich, F. and Froidevaux, D. and Frost, J. A. and Fukunaga, C. and Fullana Torregrosa, E. and Fusayasu, T. and Fuster, J. and Gabaldon, C. and Gabizon, O. and Gabrielli, A. and Gabrielli, A. and Gach, G. P. and Gadatsch, S. and Gagliardi, G. and Gagnon, L. G. and Gagnon, P. and Galea, C. and Galhardo, B. and Gallas, E. J. and Gallop, B. J. and Gallus, P. and Galster, G. and Gan, K. K. and Ganguly, S. and Gao, J. and Gao, Y. and Gao, Y. S. and Garay Walls, F. M. and Garc\'{\i}a, C. and Garc\'{\i}a Navarro, J. E. and Garcia-Sciveres, M. and Gardner, R. W. and Garelli, N. and Garonne, V. and Gascon Bravo, A. and Gasnikova, K. and Gatti, C. and Gaudiello, A. and Gaudio, G. and Gauthier, L. and Gavrilenko, I. L. and Gay, C. and Gaycken, G. and Gazis, E. N. and Gecse, Z. and Gee, C. N. P. and Geich-Gimbel, Ch. and Geisen, M. and Geisler, M. P. and Gellerstedt, K. and Gemme, C. and Genest, M. H. and Geng, C. and Gentile, S. and Gentsos, C. and George, S. and Gerbaudo, D. and Gershon, A. and Ghasemi, S. and Ghneimat, M. and Giacobbe, B. and Giagu, S. and Giannetti, P. and Gibson, S. M. and Gignac, M. and Gilchriese, M. and Gillam, T. P. S. and Gillberg, D. and Gilles, G. and Gingrich, D. M. and Giokaris, N. and Giordani, M. P. and Giorgi, F. M. and Giraud, P. F. and Giromini, P. and Giugni, D. and Giuli, F. and Giuliani, C. and Giulini, M. and Gjelsten, B. K. and Gkaitatzis, S. and Gkialas, I. and Gkougkousis, E. L. and Gladilin, L. K. and Glasman, C. and Glatzer, J. and Glaysher, P. C. F. and Glazov, A. and Goblirsch-Kolb, M. and Godlewski, J. and Goldfarb, S. and Golling, T. and Golubkov, D. and Gomes, A. and Gon\ifmmode \mbox{\c{c}}\else \c{c}\fi{}alo, R. and Goncalves Pinto Firmino Da Costa, J. and Gonella, G. and Gonella, L. and Gongadze, A. and Gonz\'alez de la Hoz, S. and Gonzalez-Sevilla, S. and Goossens, L. and Gorbounov, P. A. and Gordon, H. A. and Gorelov, I. and Gorini, B. and Gorini, E. and Gori\ifmmode \check{s}\else \v{s}\fi{}ek, A. and Goshaw, A. T. and G\"ossling, C. and Gostkin, M. I. and Goudet, C. R. and Goujdami, D. and Goussiou, A. G. and Govender, N. and Gozani, E. and Graber, L. and Grabowska-Bold, I. and Gradin, P. O. J. and Grafstr\"om, P. and Gramling, J. and Gramstad, E. and Grancagnolo, S. and Gratchev, V. and Gravila, P. M. and Gray, H. M. and Graziani, E. and Greenwood, Z. D. and Grefe, C. and Gregersen, K. and Gregor, I. M. and Grenier, P. and Grevtsov, K. and Griffiths, J. and Grillo, A. A. and Grimm, K. and Grinstein, S. and Gris, Ph. and Grivaz, J.-F. and Groh, S. and Gross, E. and Grosse-Knetter, J. and Grossi, G. C. and Grout, Z. J. and Guan, L. and Guan, W. and Guenther, J. and Guescini, F. and Guest, D. and Gueta, O. and Gui, B. and Guido, E. and Guillemin, T. and Guindon, S. and Gul, U. and Gumpert, C. and Guo, J. and Guo, W. and Guo, Y. and Gupta, R. and Gupta, S. and Gustavino, G. and Gutierrez, P. and Gutierrez Ortiz, N. G. and Gutschow, C. and Guyot, C. and Gwenlan, C. and Gwilliam, C. B. and Haas, A. and Haber, C. and Hadavand, H. K. and Haddad, N. and Hadef, A. and Hageb\"ock, S. and Hagihara, M. and Hakobyan, H. and Haleem, M. and Haley, J. and Halladjian, G. and Hallewell, G. D. and Hamacher, K. and Hamal, P. and Hamano, K. and Hamilton, A. and Hamity, G. N. and Hamnett, P. G. and Han, L. and Hanagaki, K. and Hanawa, K. and Hance, M. and Haney, B. and Hanke, P. and Hanna, R. and Hansen, J. B. and Hansen, J. D. and Hansen, M. C. and Hansen, P. H. and Hara, K. and Hard, A. S. and Harenberg, T. and Hariri, F. and Harkusha, S. and Harrington, R. D. and Harrison, P. F. and Hartjes, F. and Hartmann, N. M. and Hasegawa, M. and Hasegawa, Y. and Hasib, A. and Hassani, S. and Haug, S. and Hauser, R. and Hauswald, L. and Havranek, M. and Hawkes, C. M. and Hawkings, R. J. and Hayakawa, D. and Hayden, D. and Hays, C. P. and Hays, J. M. and Hayward, H. S. and Haywood, S. J. and Head, S. J. and Heck, T. and Hedberg, V. and Heelan, L. and Heim, S. and Heim, T. and Heinemann, B. and Heinrich, J. J. and Heinrich, L. and Heinz, C. and Hejbal, J. and Helary, L. and Hellman, S. and Helsens, C. and Henderson, J. and Henderson, R. C. W. and Heng, Y. and Henkelmann, S. and Henriques Correia, A. M. and Henrot-Versille, S. and Herbert, G. H. and Herde, H. and Herget, V. and Hern\'andez Jim\'enez, Y. and Herten, G. and Hertenberger, R. and Hervas, L. and Hesketh, G. G. and Hessey, N. P. and Hetherly, J. W. and Hig\'on-Rodriguez, E. and Hill, E. and Hill, J. C. and Hiller, K. H. and Hillier, S. J. and Hinchliffe, I. and Hines, E. and Hirose, M. and Hirschbuehl, D. and Hobbs, J. and Hod, N. and Hodgkinson, M. C. and Hodgson, P. and Hoecker, A. and Hoeferkamp, M. R. and Hoenig, F. and Hohn, D. and Holmes, T. R. and Homann, M. and Honda, T. and Hong, T. M. and Hooberman, B. H. and Hopkins, W. H. and Horii, Y. and Horton, A. J. and Hostachy, J-Y. and Hou, S. and Hoummada, A. and Howarth, J. and Hoya, J. and Hrabovsky, M. and Hristova, I. and Hrivnac, J. and Hryn'ova, T. and Hrynevich, A. and Hsu, P. J. and Hsu, S.-C. and Hu, Q. and Hu, S. and Huang, Y. and Hubacek, Z. and Hubaut, F. and Huegging, F. and Huffman, T. B. and Hughes, E. W. and Hughes, G. and Huhtinen, M. and Huo, P. and Huseynov, N. and Huston, J. and Huth, J. and Iacobucci, G. and Iakovidis, G. and Ibragimov, I. and Iconomidou-Fayard, L. and Ideal, E. and Idrissi, Z. and Iengo, P. and Igonkina, O. and Iizawa, T. and Ikegami, Y. and Ikeno, M. and Ilchenko, Y. and Iliadis, D. and Ilic, N. and Introzzi, G. and Ioannou, P. and Iodice, M. and Iordanidou, K. and Ippolito, V. and Ishijima, N. and Ishino, M. and Ishitsuka, M. and Issever, C. and Istin, S. and Ito, F. and Iturbe Ponce, J. M. and Iuppa, R. and Iwasaki, H. and Izen, J. M. and Izzo, V. and Jabbar, S. and Jackson, B. and Jackson, P. and Jain, V. and Jakobi, K. B. and Jakobs, K. and Jakobsen, S. and Jakoubek, T. and Jamin, D. O. and Jana, D. K. and Jansky, R. and Janssen, J. and Janus, M. and Janus, P. A. and Jarlskog, G. and Javadov, N. and Jav\ifmmode \mathring{u}\else \r{u}\fi{}rek, T. and Jeanneau, F. and Jeanty, L. and Jejelava, J. and Jeng, G.-Y. and Jenni, P. and Jeske, C. and J\'ez\'equel, S. and Ji, H. and Jia, J. and Jiang, H. and Jiang, Y. and Jiang, Z. and Jiggins, S. and Jimenez Pena, J. and Jin, S. and Jinaru, A. and Jinnouchi, O. and Jivan, H. and Johansson, P. and Johns, K. A. and Johnson, W. J. and Jon-And, K. and Jones, G. and Jones, R. W. L. and Jones, S. and Jones, T. J. and Jongmanns, J. and Jorge, P. M. and Jovicevic, J. and Ju, X. and Juste Rozas, A. and K\"ohler, M. K. and Kaczmarska, A. and Kado, M. and Kagan, H. and Kagan, M. and Kahn, S. J. and Kaji, T. and Kajomovitz, E. and Kalderon, C. W. and Kaluza, A. and Kama, S. and Kamenshchikov, A. and Kanaya, N. and Kaneti, S. and Kanjir, L. and Kantserov, V. A. and Kanzaki, J. and Kaplan, B. and Kaplan, L. S. and Kapliy, A. and Kar, D. and Karakostas, K. and Karamaoun, A. and Karastathis, N. and Kareem, M. J. and Karentzos, E. and Karnevskiy, M. and Karpov, S. N. and Karpova, Z. M. and Karthik, K. and Kartvelishvili, V. and Karyukhin, A. N. and Kasahara, K. and Kashif, L. and Kass, R. D. and Kastanas, A. and Kataoka, Y. and Kato, C. and Katre, A. and Katzy, J. and Kawade, K. and Kawagoe, K. and Kawamoto, T. and Kawamura, G. and Kazanin, V. F. and Keeler, R. and Kehoe, R. and Keller, J. S. and Kempster, J. J. and Keoshkerian, H. and Kepka, O. and Ker\ifmmode \check{s}\else \v{s}\fi{}evan, B. P. and Kersten, S. and Keyes, R. A. and Khader, M. and Khalil-zada, F. and Khanov, A. and Kharlamov, A. G. and Kharlamova, T. and Khoo, T. J. and Khovanskiy, V. and Khramov, E. and Khubua, J. and Kido, S. and Kilby, C. R. and Kim, H. Y. and Kim, S. H. and Kim, Y. K. and Kimura, N. and Kind, O. M. and King, B. T. and King, M. and Kirk, J. and Kiryunin, A. E. and Kishimoto, T. and Kisielewska, D. and Kiss, F. and Kiuchi, K. and Kivernyk, O. and Kladiva, E. and Klein, M. H. and Klein, M. and Klein, U. and Kleinknecht, K. and Klimek, P. and Klimentov, A. and Klingenberg, R. and Klioutchnikova, T. and Kluge, E.-E. and Kluit, P. and Kluth, S. and Knapik, J. and Kneringer, E. and Knoops, E. B. F. G. and Knue, A. and Kobayashi, A. and Kobayashi, D. and Kobayashi, T. and Kobel, M. and Kocian, M. and Kodys, P. and Koehler, N. M. and Koffas, T. and Koffeman, E. and Koi, T. and Kolanoski, H. and Kolb, M. and Koletsou, I. and Komar, A. A. and Komori, Y. and Kondo, T. and Kondrashova, N. and K\"oneke, K. and K\"onig, A. C. and Kono, T. and Konoplich, R. and Konstantinidis, N. and Kopeliansky, R. and Koperny, S. and Kopp, A. K. and Korcyl, K. and Kordas, K. and Korn, A. and Korol, A. A. and Korolkov, I. and Korolkova, E. V. and Kortner, O. and Kortner, S. and Kosek, T. and Kostyukhin, V. V. and Kotwal, A. and Koulouris, A. and Kourkoumeli-Charalampidi, A. and Kourkoumelis, C. and Kouskoura, V. and Kowalewska, A. B. and Kowalewski, R. and Kowalski, T. Z. and Kozakai, C. and Kozanecki, W. and Kozhin, A. S. and Kramarenko, V. A. and Kramberger, G. and Krasnopevtsev, D. and Krasny, M. W. and Krasznahorkay, A. and Kravchenko, A. and Kretz, M. and Kretzschmar, J. and Kreutzfeldt, K. and Krieger, P. and Krizka, K. and Kroeninger, K. and Kroha, H. and Kroll, J. and Kroseberg, J. and Krstic, J. and Kruchonak, U. and Kr\"uger, H. and Krumnack, N. and Kruse, M. C. and Kruskal, M. and Kubota, T. and Kucuk, H. and Kuday, S. and Kuechler, J. T. and Kuehn, S. and Kugel, A. and Kuger, F. and Kuhl, T. and Kukhtin, V. and Kukla, R. and Kulchitsky, Y. and Kuleshov, S. and Kuna, M. and Kunigo, T. and Kupco, A. and Kurashige, H. and Kurchaninov, L. L. and Kurochkin, Y. A. and Kurth, M. G. and Kus, V. and Kuwertz, E. S. and Kuze, M. and Kvita, J. and Kwan, T. and Kyriazopoulos, D. and La Rosa, A. and La Rosa Navarro, J. L. and La Rotonda, L. and Lacasta, C. and Lacava, F. and Lacey, J. and Lacker, H. and Lacour, D. and Ladygin, E. and Lafaye, R. and Laforge, B. and Lagouri, T. and Lai, S. and Lammers, S. and Lampl, W. and Lan\ifmmode \mbox{\c{c}}\else \c{c}\fi{}on, E. and Landgraf, U. and Landon, M. P. J. and Lanfermann, M. C. and Lang, V. S. and Lange, J. C. and Lankford, A. J. and Lanni, F. and Lantzsch, K. and Lanza, A. and Laplace, S. and Lapoire, C. and Laporte, J. F. and Lari, T. and Lasagni Manghi, F. and Lassnig, M. and Laurelli, P. and Lavrijsen, W. and Law, A. T. and Laycock, P. and Lazovich, T. and Lazzaroni, M. and Le, B. and Le Dortz, O. and Le Guirriec, E. and Le Quilleuc, E. P. and LeBlanc, M. and LeCompte, T. and Ledroit-Guillon, F. and Lee, C. A. and Lee, S. C. and Lee, L. and Lefebvre, B. and Lefebvre, G. and Lefebvre, M. and Legger, F. and Leggett, C. and Lehan, A. and Lehmann Miotto, G. and Lei, X. and Leight, W. A. and Leister, A. G. and Leite, M. A. L. and Leitner, R. and Lellouch, D. and Lemmer, B. and Leney, K. J. C. and Lenz, T. and Lenzi, B. and Leone, R. and Leone, S. and Leonidopoulos, C. and Leontsinis, S. and Lerner, G. and Leroy, C. and Lesage, A. A. J. and Lester, C. G. and Levchenko, M. and Lev\^eque, J. and Levin, D. and Levinson, L. J. and Levy, M. and Lewis, D. and Leyton, M. and Li, B. and Li, C. and Li, H. and Li, L. and Li, L. and Li, Q. and Li, S. and Li, X. and Li, Y. and Liang, Z. and Liberti, B. and Liblong, A. and Lichard, P. and Lie, K. and Liebal, J. and Liebig, W. and Limosani, A. and Lin, S. C. and Lin, T. H. and Lindquist, B. E. and Lionti, A. E. and Lipeles, E. and Lipniacka, A. and Lisovyi, M. and Liss, T. M. and Lister, A. and Litke, A. M. and Liu, B. and Liu, D. and Liu, H. and Liu, H. and Liu, J. and Liu, J. B. and Liu, K. and Liu, L. and Liu, M. and Liu, Y. L. and Liu, Y. and Livan, M. and Lleres, A. and Llorente Merino, J. and Lloyd, S. L. and Lo Sterzo, F. and Lobodzinska, E. M. and Loch, P. and Loebinger, F. K. and Loew, K. M. and Loginov, A. and Lohse, T. and Lohwasser, K. and Lokajicek, M. and Long, B. A. and Long, J. D. and Long, R. E. and Longo, L. and Looper, K. A. and L\'opez, J. A. and Lopez Mateos, D. and Lopez Paredes, B. and Lopez Paz, I. and Lopez Solis, A. and Lorenz, J. and Lorenzo Martinez, N. and Losada, M. and L\"osel, P. J. and Lou, X. and Lounis, A. and Love, J. and Love, P. A. and Lu, H. and Lu, N. and Lubatti, H. J. and Luci, C. and Lucotte, A. and Luedtke, C. and Luehring, F. and Lukas, W. and Luminari, L. and Lundberg, O. and Lund-Jensen, B. and Luzi, P. M. and Lynn, D. and Lysak, R. and Lytken, E. and Lyubushkin, V. and Ma, H. and Ma, L. L. and Ma, Y. and Maccarrone, G. and Macchiolo, A. and Macdonald, C. M. and Ma\ifmmode \check{c}\else \v{c}\fi{}ek, B. and Machado Miguens, J. and Madaffari, D. and Madar, R. and Maddocks, H. J. and Mader, W. F. and Madsen, A. and Maeda, J. and Maeland, S. and Maeno, T. and Maevskiy, A. and Magradze, E. and Mahlstedt, J. and Maiani, C. and Maidantchik, C. and Maier, A. A. and Maier, T. and Maio, A. and Majewski, S. and Makida, Y. and Makovec, N. and Malaescu, B. and Malecki, Pa. and Maleev, V. P. and Malek, F. and Mallik, U. and Malon, D. and Malone, C. and Maltezos, S. and Malyukov, S. and Mamuzic, J. and Mancini, G. and Mandelli, L. and Mandi\ifmmode \acute{c}\else \'{c}\fi{}, I. and Maneira, J. and Manhaes de Andrade Filho, L. and Manjarres Ramos, J. and Mann, A. and Manousos, A. and Mansoulie, B. and Mansour, J. D. and Mantifel, R. and Mantoani, M. and Manzoni, S. and Mapelli, L. and Marceca, G. and March, L. and Marchiori, G. and Marcisovsky, M. and Marjanovic, M. and Marley, D. E. and Marroquim, F. and Marsden, S. P. and Marshall, Z. and Marti-Garcia, S. and Martin, B. and Martin, T. A. and Martin, V. J. and Martin dit Latour, B. and Martinez, M. and Martinez Outschoorn, V. I. and Martin-Haugh, S. and Martoiu, V. S. and Martyniuk, A. C. and Marzin, A. and Masetti, L. and Mashimo, T. and Mashinistov, R. and Masik, J. and Maslennikov, A. L. and Massa, I. and Massa, L. and Mastrandrea, P. and Mastroberardino, A. and Masubuchi, T. and M\"attig, P. and Mattmann, J. and Maurer, J. and Maxfield, S. J. and Maximov, D. A. and Mazini, R. and Maznas, I. and Mazza, S. M. and Mc Fadden, N. C. and Mc Goldrick, G. and Mc Kee, S. P. and McCarn, A. and McCarthy, R. L. and McCarthy, T. G. and McClymont, L. I. and McDonald, E. F. and Mcfayden, J. A. and Mchedlidze, G. and McMahon, S. J. and McPherson, R. A. and Medinnis, M. and Meehan, S. and Mehlhase, S. and Mehta, A. and Meier, K. and Meineck, C. and Meirose, B. and Melini, D. and Mellado Garcia, B. R. and Melo, M. and Meloni, F. and Meng, L. and Meng, X. and Mengarelli, A. and Menke, S. and Meoni, E. and Mergelmeyer, S. and Mermod, P. and Merola, L. and Meroni, C. and Merritt, F. S. and Messina, A. and Metcalfe, J. and Mete, A. S. and Meyer, C. and Meyer, C. and Meyer, J-P. and Meyer, J. and Meyer Zu Theenhausen, H. and Miano, F. and Middleton, R. P. and Miglioranzi, S. and Mijovi\ifmmode \acute{c}\else \'{c}\fi{}, L. and Mikenberg, G. and Mikestikova, M. and Miku\ifmmode \check{z}\else \v{z}\fi{}, M. and Milesi, M. and Milic, A. and Miller, D. W. and Mills, C. and Milov, A. and Milstead, D. A. and Minaenko, A. A. and Minami, Y. and Minashvili, I. A. and Mincer, A. I. and Mindur, B. and Mineev, M. and Minegishi, Y. and Ming, Y. and Mir, L. M. and Mistry, K. P. and Mitani, T. and Mitrevski, J. and Mitsou, V. A. and Miucci, A. and Miyagawa, P. S. and Mizukami, A. and Mj\"ornmark, J. U. and Mlynarikova, M. and Moa, T. and Mochizuki, K. and Mogg, P. and Mohapatra, S. and Molander, S. and Moles-Valls, R. and Monden, R. and Mondragon, M. C. and M\"onig, K. and Monk, J. and Monnier, E. and Montalbano, A. and Montejo Berlingen, J. and Monticelli, F. and Monzani, S. and Moore, R. W. and Morange, N. and Moreno, D. and Moreno Ll\'acer, M. and Morettini, P. and Morgenstern, S. and Mori, D. and Mori, T. and Morii, M. and Morinaga, M. and Morisbak, V. and Moritz, S. and Morley, A. K. and Mornacchi, G. and Morris, J. D. and Mortensen, S. S. and Morvaj, L. and Moschovakos, P. and Mosidze, M. and Moss, H. J. and Moss, J. and Motohashi, K. and Mount, R. and Mountricha, E. and Moyse, E. J. W. and Muanza, S. and Mudd, R. D. and Mueller, F. and Mueller, J. and Mueller, R. S. P. and Mueller, T. and Muenstermann, D. and Mullen, P. and Mullier, G. A. and Munoz Sanchez, F. J. and Murillo Quijada, J. A. and Murray, W. J. and Musheghyan, H. and Mu\ifmmode \check{s}\else \v{s}\fi{}kinja, M. and Myagkov, A. G. and Myska, M. and Nachman, B. P. and Nackenhorst, O. and Nagai, K. and Nagai, R. and Nagano, K. and Nagasaka, Y. and Nagata, K. and Nagel, M. and Nagy, E. and Nairz, A. M. and Nakahama, Y. and Nakamura, K. and Nakamura, T. and Nakano, I. and Naranjo Garcia, R. F. and Narayan, R. and Narrias Villar, D. I. and Naryshkin, I. and Naumann, T. and Navarro, G. and Nayyar, R. and Neal, H. A. and Nechaeva, P. Yu. and Neep, T. J. and Negri, A. and Negrini, M. and Nektarijevic, S. and Nellist, C. and Nelson, A. and Nemecek, S. and Nemethy, P. and Nepomuceno, A. A. and Nessi, M. and Neubauer, M. S. and Neumann, M. and Neves, R. M. and Nevski, P. and Newman, P. R. and Nguyen, D. H. and Nguyen Manh, T. and Nickerson, R. B. and Nicolaidou, R. and Nielsen, J. and Nikolaenko, V. and Nikolic-Audit, I. and Nikolopoulos, K. and Nilsen, J. K. and Nilsson, P. and Ninomiya, Y. and Nisati, A. and Nisius, R. and Nobe, T. and Nomachi, M. and Nomidis, I. and Nooney, T. and Norberg, S. and Nordberg, M. and Norjoharuddeen, N. and Novgorodova, O. and Nowak, S. and Nozaki, M. and Nozka, L. and Ntekas, K. and Nurse, E. and Nuti, F. and O'grady, F. and O'Neil, D. C. and O'Rourke, A. A. and O'Shea, V. and Oakham, F. G. and Oberlack, H. and Obermann, T. and Ocariz, J. and Ochi, A. and Ochoa, I. and Ochoa-Ricoux, J. P. and Oda, S. and Odaka, S. and Ogren, H. and Oh, A. and Oh, S. H. and Ohm, C. C. and Ohman, H. and Oide, H. and Okawa, H. and Okumura, Y. and Okuyama, T. and Olariu, A. and Oleiro Seabra, L. F. and Olivares Pino, S. A. and Oliveira Damazio, D. and Olszewski, A. and Olszowska, J. and Onofre, A. and Onogi, K. and Onyisi, P. U. E. and Oreglia, M. J. and Oren, Y. and Orestano, D. and Orlando, N. and Orr, R. S. and Osculati, B. and Ospanov, R. and Otero y Garzon, G. and Otono, H. and Ouchrif, M. and Ould-Saada, F. and Ouraou, A. and Oussoren, K. P. and Ouyang, Q. and Owen, M. and Owen, R. E. and Ozcan, V. E. and Ozturk, N. and Pachal, K. and Pacheco Pages, A. and Pacheco Rodriguez, L. and Padilla Aranda, C. and Pag\'a\ifmmode \check{c}\else \v{c}\fi{}ov\'a, M. and Pagan Griso, S. and Paganini, M. and Paige, F. and Pais, P. and Pajchel, K. and Palacino, G. and Palazzo, S. and Palestini, S. and Palka, M. and Pallin, D. and Panagiotopoulou, E. St. and Pandini, C. E. and Panduro Vazquez, J. G. and Pani, P. and Panitkin, S. and Pantea, D. and Paolozzi, L. and Papadopoulou, Th. D. and Papageorgiou, K. and Paramonov, A. and Paredes Hernandez, D. and Parker, A. J. and Parker, M. A. and Parker, K. A. and Parodi, F. and Parsons, J. A. and Parzefall, U. and Pascuzzi, V. R. and Pasqualucci, E. and Passaggio, S. and Pastore, Fr. and P\'asztor, G. and Pataraia, S. and Pater, J. R. and Pauly, T. and Pearce, J. and Pearson, B. and Pedersen, L. E. and Pedersen, M. and Pedraza Lopez, S. and Pedro, R. and Peleganchuk, S. V. and Penc, O. and Peng, C. and Peng, H. and Penwell, J. and Peralva, B. S. and Perego, M. M. and Perepelitsa, D. V. and Perez Codina, E. and Perini, L. and Pernegger, H. and Perrella, S. and Peschke, R. and Peshekhonov, V. D. and Peters, K. and Peters, R. F. Y. and Petersen, B. A. and Petersen, T. C. and Petit, E. and Petridis, A. and Petridou, C. and Petroff, P. and Petrolo, E. and Petrov, M. and Petrucci, F. and Pettersson, N. E. and Peyaud, A. and Pezoa, R. and Phillips, P. W. and Piacquadio, G. and Pianori, E. and Picazio, A. and Piccaro, E. and Piccinini, M. and Pickering, M. A. and Piegaia, R. and Pilcher, J. E. and Pilkington, A. D. and Pin, A. W. J. and Pinamonti, M. and Pinfold, J. L. and Pingel, A. and Pires, S. and Pirumov, H. and Pitt, M. and Plazak, L. and Pleier, M.-A. and Pleskot, V. and Plotnikova, E. and Pluth, D. and Poettgen, R. and Poggioli, L. and Pohl, D. and Polesello, G. and Poley, A. and Policicchio, A. and Polifka, R. and Polini, A. and Pollard, C. S. and Polychronakos, V. and Pomm\`es, K. and Pontecorvo, L. and Pope, B. G. and Popeneciu, G. A. and Poppleton, A. and Pospisil, S. and Potamianos, K. and Potrap, I. N. and Potter, C. J. and Potter, C. T. and Poulard, G. and Poveda, J. and Pozdnyakov, V. and Pozo Astigarraga, M. E. and Pralavorio, P. and Pranko, A. and Prell, S. and Price, D. and Price, L. E. and Primavera, M. and Prince, S. and Prokofiev, K. and Prokoshin, F. and Protopopescu, S. and Proudfoot, J. and Przybycien, M. and Puddu, D. and Purohit, M. and Puzo, P. and Qian, J. and Qin, G. and Qin, Y. and Quadt, A. and Quayle, W. B. and Queitsch-Maitland, M. and Quilty, D. and Raddum, S. and Radeka, V. and Radescu, V. and Radhakrishnan, S. K. and Radloff, P. and Rados, P. and Ragusa, F. and Rahal, G. and Raine, J. A. and Rajagopalan, S. and Rammensee, M. and Rangel-Smith, C. and Ratti, M. G. and Rauch, D. M. and Rauscher, F. and Rave, S. and Ravenscroft, T. and Ravinovich, I. and Raymond, M. and Read, A. L. and Readioff, N. P. and Reale, M. and Rebuzzi, D. M. and Redelbach, A. and Redlinger, G. and Reece, R. and Reed, R. G. and Reeves, K. and Rehnisch, L. and Reichert, J. and Reiss, A. and Rembser, C. and Ren, H. and Rescigno, M. and Resconi, S. and Rezanova, O. L. and Reznicek, P. and Rezvani, R. and Richter, R. and Richter, S. and Richter-Was, E. and Ricken, O. and Ridel, M. and Rieck, P. and Riegel, C. J. and Rieger, J. and Rifki, O. and Rijssenbeek, M. and Rimoldi, A. and Rimoldi, M. and Rinaldi, L. and Risti\ifmmode \acute{c}\else \'{c}\fi{}, B. and Ritsch, E. and Riu, I. and Rizatdinova, F. and Rizvi, E. and Rizzi, C. and Robertson, S. H. and Robichaud-Veronneau, A. and Robinson, D. and Robinson, J. E. M. and Robson, A. and Roda, C. and Rodina, Y. and Rodriguez Perez, A. and Rodriguez Rodriguez, D. and Roe, S. and Rogan, C. S. and R\o{}hne, O. and Roloff, J. and Romaniouk, A. and Romano, M. and Romano Saez, S. M. and Romero Adam, E. and Rompotis, N. and Ronzani, M. and Roos, L. and Ros, E. and Rosati, S. and Rosbach, K. and Rose, P. and Rosien, N.-A. and Rossetti, V. and Rossi, E. and Rossi, L. P. and Rosten, J. H. N. and Rosten, R. and Rotaru, M. and Roth, I. and Rothberg, J. and Rousseau, D. and Rozanov, A. and Rozen, Y. and Ruan, X. and Rubbo, F. and Rudolph, M. S. and R\"uhr, F. and Ruiz-Martinez, A. and Rurikova, Z. and Rusakovich, N. A. and Ruschke, A. and Russell, H. L. and Rutherfoord, J. P. and Ruthmann, N. and Ryabov, Y. F. and Rybar, M. and Rybkin, G. and Ryu, S. and Ryzhov, A. and Rzehorz, G. F. and Saavedra, A. F. and Sabato, G. and Sacerdoti, S. and Sadrozinski, H. F-W. and Sadykov, R. and Safai Tehrani, F. and Saha, P. and Sahinsoy, M. and Saimpert, M. and Saito, T. and Sakamoto, H. and Sakurai, Y. and Salamanna, G. and Salamon, A. and Salazar Loyola, J. E. and Salek, D. and Sales De Bruin, P. H. and Salihagic, D. and Salnikov, A. and Salt, J. and Salvatore, D. and Salvatore, F. and Salvucci, A. and Salzburger, A. and Sammel, D. and Sampsonidis, D. and S\'anchez, J. and Sanchez Martinez, V. and Sanchez Pineda, A. and Sandaker, H. and Sandbach, R. L. and Sandhoff, M. and Sandoval, C. and Sankey, D. P. C. and Sannino, M. and Sansoni, A. and Santoni, C. and Santonico, R. and Santos, H. and Santoyo Castillo, I. and Sapp, K. and Sapronov, A. and Saraiva, J. G. and Sarrazin, B. and Sasaki, O. and Sato, K. and Sauvan, E. and Savage, G. and Savard, P. and Savic, N. and Sawyer, C. and Sawyer, L. and Saxon, J. and Sbarra, C. and Sbrizzi, A. and Scanlon, T. and Scannicchio, D. A. and Scarcella, M. and Scarfone, V. and Schaarschmidt, J. and Schacht, P. and Schachtner, B. M. and Schaefer, D. and Schaefer, L. and Schaefer, R. and Schaeffer, J. and Schaepe, S. and Schaetzel, S. and Sch\"afer, U. and Schaffer, A. C. and Schaile, D. and Schamberger, R. D. and Scharf, V. and Schegelsky, V. A. and Scheirich, D. and Schernau, M. and Schiavi, C. and Schier, S. and Schillo, C. and Schioppa, M. and Schlenker, S. and Schmidt-Sommerfeld, K. R. and Schmieden, K. and Schmitt, C. and Schmitt, S. and Schmitz, S. and Schneider, B. and Schnoor, U. and Schoeffel, L. and Schoening, A. and Schoenrock, B. D. and Schopf, E. and Schott, M. and Schouwenberg, J. F. P. and Schovancova, J. and Schramm, S. and Schreyer, M. and Schuh, N. and Schulte, A. and Schultens, M. J. and Schultz-Coulon, H.-C. and Schulz, H. and Schumacher, M. and Schumm, B. A. and Schune, Ph. and Schwartzman, A. and Schwarz, T. A. and Schweiger, H. and Schwemling, Ph. and Schwienhorst, R. and Schwindling, J. and Schwindt, T. and Sciolla, G. and Scuri, F. and Scutti, F. and Searcy, J. and Seema, P. and Seidel, S. C. and Seiden, A. and Seifert, F. and Seixas, J. M. and Sekhniaidze, G. and Sekhon, K. and Sekula, S. J. and Seliverstov, D. M. and Semprini-Cesari, N. and Serfon, C. and Serin, L. and Serkin, L. and Sessa, M. and Seuster, R. and Severini, H. and Sfiligoj, T. and Sforza, F. and Sfyrla, A. and Shabalina, E. and Shaikh, N. W. and Shan, L. Y. and Shang, R. and Shank, J. T. and Shapiro, M. and Shatalov, P. B. and Shaw, K. and Shaw, S. M. and Shcherbakova, A. and Shehu, C. Y. and Sherwood, P. and Shi, L. and Shimizu, S. and Shimmin, C. O. and Shimojima, M. and Shirabe, S. and Shiyakova, M. and Shmeleva, A. and Shoaleh Saadi, D. and Shochet, M. J. and Shojaii, S. and Shope, D. R. and Shrestha, S. and Shulga, E. and Shupe, M. A. and Sicho, P. and Sickles, A. M. and Sidebo, P. E. and Sideras Haddad, E. and Sidiropoulou, O. and Sidorov, D. and Sidoti, A. and Siegert, F. and Sijacki, Dj. and Silva, J. and Silverstein, S. B. and Simak, V. and Simic, Lj. and Simion, S. and Simioni, E. and Simmons, B. and Simon, D. and Simon, M. and Sinervo, P. and Sinev, N. B. and Sioli, M. and Siragusa, G. and Sivoklokov, S. Yu. and Sj\"olin, J. and Skinner, M. B. and Skottowe, H. P. and Skubic, P. and Slater, M. and Slavicek, T. and Slawinska, M. and Sliwa, K. and Slovak, R. and Smakhtin, V. and Smart, B. H. and Smestad, L. and Smiesko, J. and Smirnov, S. Yu. and Smirnov, Y. and Smirnova, L. N. and Smirnova, O. and Smith, J. W. and Smith, M. N. K. and Smith, R. W. and Smizanska, M. and Smolek, K. and Snesarev, A. A. and Snyder, I. M. and Snyder, S. and Sobie, R. and Socher, F. and Soffer, A. and Soh, D. A. and Sokhrannyi, G. and Solans Sanchez, C. A. and Solar, M. and Soldatov, E. Yu. and Soldevila, U. and Solodkov, A. A. and Soloshenko, A. and Solovyanov, O. V. and Solovyev, V. and Sommer, P. and Son, H. and Song, H. Y. and Sood, A. and Sopczak, A. and Sopko, V. and Sorin, V. and Sosa, D. and Sotiropoulou, C. L. and Soualah, R. and Soukharev, A. M. and South, D. and Sowden, B. C. and Spagnolo, S. and Spalla, M. and Spangenberg, M. and Span\`o, F. and Sperlich, D. and Spettel, F. and Spighi, R. and Spigo, G. and Spiller, L. A. and Spousta, M. and St. Denis, R. D. and Stabile, A. and Stamen, R. and Stamm, S. and Stanecka, E. and Stanek, R. W. and Stanescu, C. and Stanescu-Bellu, M. and Stanitzki, M. M. and Stapnes, S. and Starchenko, E. A. and Stark, G. H. and Stark, J. and Staroba, P. and Starovoitov, P. and St\"arz, S. and Staszewski, R. and Steinberg, P. and Stelzer, B. and Stelzer, H. J. and Stelzer-Chilton, O. and Stenzel, H. and Stewart, G. A. and Stillings, J. A. and Stockton, M. C. and Stoebe, M. and Stoicea, G. and Stolte, P. and Stonjek, S. and Stradling, A. R. and Straessner, A. and Stramaglia, M. E. and Strandberg, J. and Strandberg, S. and Strandlie, A. and Strauss, M. and Strizenec, P. and Str\"ohmer, R. and Strom, D. M. and Stroynowski, R. and Strubig, A. and Stucci, S. A. and Stugu, B. and Styles, N. A. and Su, D. and Su, J. and Suchek, S. and Sugaya, Y. and Suk, M. and Sulin, V. V. and Sultansoy, S. and Sumida, T. and Sun, S. and Sun, X. and Sundermann, J. E. and Suruliz, K. and Suster, C. J. E. and Sutton, M. R. and Suzuki, S. and Svatos, M. and Swiatlowski, M. and Swift, S. P. and Sykora, I. and Sykora, T. and Ta, D. and Tackmann, K. and Taenzer, J. and Taffard, A. and Tafirout, R. and Taiblum, N. and Takai, H. and Takashima, R. and Takeshita, T. and Takubo, Y. and Talby, M. and Talyshev, A. A. and Tanaka, J. and Tanaka, M. and Tanaka, R. and Tanaka, S. and Tanioka, R. and Tannenwald, B. B. and Tapia Araya, S. and Tapprogge, S. and Tarem, S. and Tartarelli, G. F. and Tas, P. and Tasevsky, M. and Tashiro, T. and Tassi, E. and Tavares Delgado, A. and Tayalati, Y. and Taylor, A. C. and Taylor, G. N. and Taylor, P. T. E. and Taylor, W. and Teischinger, F. A. and Teixeira-Dias, P. and Temming, K. K. and Temple, D. and Ten Kate, H. and Teng, P. K. and Teoh, J. J. and Tepel, F. and Terada, S. and Terashi, K. and Terron, J. and Terzo, S. and Testa, M. and Teuscher, R. J. and Theveneaux-Pelzer, T. and Thomas, J. P. and Thomas-Wilsker, J. and Thompson, P. D. and Thompson, A. S. and Thomsen, L. A. and Thomson, E. and Tibbetts, M. J. and Ticse Torres, R. E. and Tikhomirov, V. O. and Tikhonov, Yu. A. and Timoshenko, S. and Tipton, P. and Tisserant, S. and Todome, K. and Todorov, T. and Todorova-Nova, S. and Tojo, J. and Tok\'ar, S. and Tokushuku, K. and Tolley, E. and Tomlinson, L. and Tomoto, M. and Tompkins, L. and Toms, K. and Tong, B. and Tornambe, P. and Torrence, E. and Torres, H. and Torr\'o Pastor, E. and Toth, J. and Touchard, F. and Tovey, D. R. and Trefzger, T. and Tricoli, A. and Trigger, I. M. and Trincaz-Duvoid, S. and Tripiana, M. F. and Trischuk, W. and Trocm\'e, B. and Trofymov, A. and Troncon, C. and Trottier-McDonald, M. and Trovatelli, M. and Truong, L. and Trzebinski, M. and Trzupek, A. and Tseng, J. C-L. and Tsiareshka, P. V. and Tsipolitis, G. and Tsirintanis, N. and Tsiskaridze, S. and Tsiskaridze, V. and Tskhadadze, E. G. and Tsui, K. M. and Tsukerman, I. I. and Tsulaia, V. and Tsuno, S. and Tsybychev, D. and Tu, Y. and Tudorache, A. and Tudorache, V. and Tulbure, T. T. and Tuna, A. N. and Tupputi, S. A. and Turchikhin, S. and Turgeman, D. and Turk Cakir, I. and Turra, R. and Tuts, P. M. and Ucchielli, G. and Ueda, I. and Ughetto, M. and Ukegawa, F. and Unal, G. and Undrus, A. and Unel, G. and Ungaro, F. C. and Unno, Y. and Unverdorben, C. and Urban, J. and Urquijo, P. and Urrejola, P. and Usai, G. and Usui, J. and Vacavant, L. and Vacek, V. and Vachon, B. and Valderanis, C. and Valdes Santurio, E. and Valencic, N. and Valentinetti, S. and Valero, A. and Valery, L. and Valkar, S. and Valls Ferrer, J. A. and Van Den Wollenberg, W. and Van Der Deijl, P. C. and van der Graaf, H. and van Eldik, N. and van Gemmeren, P. and Van Nieuwkoop, J. and van Vulpen, I. and van Woerden, M. C. and Vanadia, M. and Vandelli, W. and Vanguri, R. and Vaniachine, A. and Vankov, P. and Vardanyan, G. and Vari, R. and Varnes, E. W. and Varol, T. and Varouchas, D. and Vartapetian, A. and Varvell, K. E. and Vasquez, J. G. and Vasquez, G. A. and Vazeille, F. and Vazquez Schroeder, T. and Veatch, J. and Veeraraghavan, V. and Veloce, L. M. and Veloso, F. and Veneziano, S. and Ventura, A. and Venturi, M. and Venturi, N. and Venturini, A. and Vercesi, V. and Verducci, M. and Verkerke, W. and Vermeulen, J. C. and Vest, A. and Vetterli, M. C. and Viazlo, O. and Vichou, I. and Vickey, T. and Vickey Boeriu, O. E. and Viehhauser, G. H. A. and Viel, S. and Vigani, L. and Villa, M. and Villaplana Perez, M. and Vilucchi, E. and Vincter, M. G. and Vinogradov, V. B. and Vittori, C. and Vivarelli, I. and Vlachos, S. and Vlasak, M. and Vogel, M. and Vokac, P. and Volpi, G. and Volpi, M. and von der Schmitt, H. and von Toerne, E. and Vorobel, V. and Vorobev, K. and Vos, M. and Voss, R. and Vossebeld, J. H. and Vranjes, N. and Vranjes Milosavljevic, M. and Vrba, V. and Vreeswijk, M. and Vuillermet, R. and Vukotic, I. and Wagner, P. and Wagner, W. and Wahlberg, H. and Wahrmund, S. and Wakabayashi, J. and Walder, J. and Walker, R. and Walkowiak, W. and Wallangen, V. and Wang, C. and Wang, C. and Wang, F. and Wang, H. and Wang, H. and Wang, J. and Wang, J. and Wang, K. and Wang, R. and Wang, S. M. and Wang, T. and Wang, W. and Wanotayaroj, C. and Warburton, A. and Ward, C. P. and Wardrope, D. R. and Washbrook, A. and Watkins, P. M. and Watson, A. T. and Watson, M. F. and Watts, G. and Watts, S. and Waugh, B. M. and Webb, S. and Weber, M. S. and Weber, S. W. and Weber, S. A. and Webster, J. S. and Weidberg, A. R. and Weinert, B. and Weingarten, J. and Weiser, C. and Weits, H. and Wells, P. S. and Wenaus, T. and Wengler, T. and Wenig, S. and Wermes, N. and Werner, M. D. and Werner, P. and Wessels, M. and Wetter, J. and Whalen, K. and Whallon, N. L. and Wharton, A. M. and White, A. and White, M. J. and White, R. and Whiteson, D. and Wickens, F. J. and Wiedenmann, W. and Wielers, M. and Wiglesworth, C. and Wiik-Fuchs, L. A. M. and Wildauer, A. and Wilk, F. and Wilkens, H. G. and Williams, H. H. and Williams, S. and Willis, C. and Willocq, S. and Wilson, J. A. and Wingerter-Seez, I. and Winklmeier, F. and Winston, O. J. and Winter, B. T. and Wittgen, M. and Wolf, T. M. H. and Wolff, R. and Wolter, M. W. and Wolters, H. and Worm, S. D. and Wosiek, B. K. and Wotschack, J. and Woudstra, M. J. and Wozniak, K. W. and Wu, M. and Wu, M. and Wu, S. L. and Wu, X. and Wu, Y. and Wyatt, T. R. and Wynne, B. M. and Xella, S. and Xi, Z. and Xu, D. and Xu, L. and Yabsley, B. and Yacoob, S. and Yamaguchi, D. and Yamaguchi, Y. and Yamamoto, A. and Yamamoto, S. and Yamanaka, T. and Yamauchi, K. and Yamazaki, Y. and Yan, Z. and Yang, H. and Yang, H. and Yang, Y. and Yang, Z. and Yao, W-M. and Yap, Y. C. and Yasu, Y. and Yatsenko, E. and Yau Wong, K. H. and Ye, J. and Ye, S. and Yeletskikh, I. and Yildirim, E. and Yorita, K. and Yoshida, R. and Yoshihara, K. and Young, C. and Young, C. J. S. and Youssef, S. and Yu, D. R. and Yu, J. and Yu, J. M. and Yu, J. and Yuan, L. and Yuen, S. P. Y. and Yusuff, I. and Zabinski, B. and Zaidan, R. and Zaitsev, A. M. and Zakharchuk, N. and Zalieckas, J. and Zaman, A. and Zambito, S. and Zanello, L. and Zanzi, D. and Zeitnitz, C. and Zeman, M. and Zemla, A. and Zeng, J. C. and Zeng, Q. and Zenin, O. and \ifmmode \check{Z}\else \v{Z}\fi{}eni\ifmmode \check{s}\else \v{s}\fi{}, T. and Zerwas, D. and Zhang, D. and Zhang, F. and Zhang, G. and Zhang, H. and Zhang, J. and Zhang, L. and Zhang, L. and Zhang, M. and Zhang, R. and Zhang, R. and Zhang, X. and Zhang, Z. and Zhao, X. and Zhao, Y. and Zhao, Z. and Zhemchugov, A. and Zhong, J. and Zhou, B. and Zhou, C. and Zhou, L. and Zhou, L. and Zhou, M. and Zhou, M. and Zhou, N. and Zhu, C. G. and Zhu, H. and Zhu, J. and Zhu, Y. and Zhuang, X. and Zhukov, K. and Zibell, A. and Zieminska, D. and Zimine, N. I. and Zimmermann, C. and Zimmermann, S. and Zinonos, Z. and Zinser, M. and Ziolkowski, M. and \ifmmode \check{Z}\else \v{Z}\fi{}ivkovi\ifmmode \acute{c}\else \'{c}\fi{}, L. and Zobernig, G. and Zoccoli, A. and zur Nedden, M. and Zwalinski, L.},
  collaboration = {ATLAS Collaboration},
  journal = {Phys. Rev. C},
  volume = {96},
  issue = {2},
  pages = {024908},
  numpages = {37},
  year = {2017},
  month = {Aug},
  publisher = {American Physical Society},
  doi = {10.1103/PhysRevC.96.024908},
  url = {https://link.aps.org/doi/10.1103/PhysRevC.96.024908}
}
