@article{PhysRevA.96.042113,
  title = {Deep learning and the Schr\"odinger equation},
  author = {Mills, Kyle and Spanner, Michael and Tamblyn, Isaac},
  journal = {Phys. Rev. A},
  volume = {96},
  issue = {4},
  pages = {042113},
  numpages = {9},
  year = {2017},
  month = {Oct},
  publisher = {American Physical Society},
  doi = {10.1103/PhysRevA.96.042113},
  url = {https://link.aps.org/doi/10.1103/PhysRevA.96.042113}
}
