@article{PhysRevC.89.064910,
  title = {Relics of minijets amid anisotropic flows in high-energy heavy-ion collisions},
  author = {Pang, Longgang and Wang, Qun and Wang, Xin-Nian},
  journal = {Phys. Rev. C},
  volume = {89},
  issue = {6},
  pages = {064910},
  numpages = {18},
  year = {2014},
  month = {Jun},
  publisher = {American Physical Society},
  doi = {10.1103/PhysRevC.89.064910},
  url = {https://link.aps.org/doi/10.1103/PhysRevC.89.064910}
}
