@article{2017193,
title = "Evidence for collectivity in pp collisions at the LHC",
journal = "Physics Letters B",
volume = "765",
pages = "193 - 220",
year = "2017",
issn = "0370-2693",
doi = "https://doi.org/10.1016/j.physletb.2016.12.009",
url = "http://www.sciencedirect.com/science/article/pii/S037026931630747X",
author = "V. Khachatryan and A.M. Sirunyan and A. Tumasyan and W. Adam and E. Asilar and T. Bergauer and J. Brandstetter and E. Brondolin and M. Dragicevic and J. Erö and M. Flechl and M. Friedl and R. Frühwirth and V.M. Ghete and C. Hartl and N. Hörmann and J. Hrubec and M. Jeitler and A. König and I. Krätschmer and D. Liko and T. Matsushita and I. Mikulec and D. Rabady and N. Rad and B. Rahbaran and H. Rohringer and J. Schieck and J. Strauss and W. Treberer-Treberspurg and W. Waltenberger and C.-E. Wulz and V. Mossolov and N. Shumeiko and J. Suarez Gonzalez and S. Alderweireldt and E.A. De Wolf and X. Janssen and J. Lauwers and M. Van De Klundert and H. Van Haevermaet and P. Van Mechelen and N. Van Remortel and A. Van Spilbeeck and S. Abu Zeid and F. Blekman and J. D'Hondt and N. Daci and I. De Bruyn and K. Deroover and N. Heracleous and S. Lowette and S. Moortgat and L. Moreels and A. Olbrechts and Q. Python and S. Tavernier and W. Van Doninck and P. Van Mulders and I. Van Parijs and H. Brun and C. Caillol and B. Clerbaux and G. De Lentdecker and H. Delannoy and G. Fasanella and L. Favart and R. Goldouzian and A. Grebenyuk and G. Karapostoli and T. Lenzi and A. Léonard and J. Luetic and T. Maerschalk and A. Marinov and A. Randle-conde and T. Seva and C. Vander Velde and P. Vanlaer and R. Yonamine and F. Zenoni and F. Zhang and A. Cimmino and T. Cornelis and D. Dobur and A. Fagot and G. Garcia and M. Gul and D. Poyraz and S. Salva and R. Schöfbeck and A. Sharma and M. Tytgat and W. Van Driessche and E. Yazgan and N. Zaganidis and H. Bakhshiansohi and C. Beluffi and O. Bondu and S. Brochet and G. Bruno and A. Caudron and S. De Visscher and C. Delaere and M. Delcourt and B. Francois and A. Giammanco and A. Jafari and P. Jez and M. Komm and V. Lemaitre and A. Magitteri and A. Mertens and M. Musich and C. Nuttens and K. Piotrzkowski and L. Quertenmont and M. Selvaggi and M. Vidal Marono and S. Wertz and N. Beliy and W.L. Aldá Júnior and F.L. Alves and G.A. Alves and L. Brito and C. Hensel and A. Moraes and M.E. Pol and P. Rebello Teles and E. Belchior Batista Das Chagas and W. Carvalho and J. Chinellato and A. Custódio and E.M. Da Costa and G.G. Da Silveira and D. De Jesus Damiao and C. De Oliveira Martins and S. Fonseca De Souza and L.M. Huertas Guativa and H. Malbouisson and D. Matos Figueiredo and C. Mora Herrera and L. Mundim and H. Nogima and W.L. Prado Da Silva and A. Santoro and A. Sznajder and E.J. Tonelli Manganote and A. Vilela Pereira and S. Ahuja and C.A. Bernardes and S. Dogra and T.R. Fernandez Perez Tomei and E.M. Gregores and P.G. Mercadante and C.S. Moon and S.F. Novaes and Sandra S. Padula and D. Romero Abad and J.C. Ruiz Vargas and A. Aleksandrov and R. Hadjiiska and P. Iaydjiev and M. Rodozov and S. Stoykova and G. Sultanov and M. Vutova and A. Dimitrov and I. Glushkov and L. Litov and B. Pavlov and P. Petkov and W. Fang and M. Ahmad and J.G. Bian and G.M. Chen and H.S. Chen and M. Chen and Y. Chen and T. Cheng and C.H. Jiang and D. Leggat and Z. Liu and F. Romeo and S.M. Shaheen and A. Spiezia and J. Tao and C. Wang and Z. Wang and H. Zhang and J. Zhao and Y. Ban and G. Chen and Q. Li and S. Liu and Y. Mao and S.J. Qian and D. Wang and Z. Xu and C. Avila and A. Cabrera and L.F. Chaparro Sierra and C. Florez and J.P. Gomez and C.F. González Hernández and J.D. Ruiz Alvarez and J.C. Sanabria and N. Godinovic and D. Lelas and I. Puljak and P.M. Ribeiro Cipriano and T. Sculac and Z. Antunovic and M. Kovac and V. Brigljevic and D. Ferencek and K. Kadija and S. Micanovic and L. Sudic and T. Susa and A. Attikis and G. Mavromanolakis and J. Mousa and C. Nicolaou and F. Ptochos and P.A. Razis and H. Rykaczewski and M. Finger and M. Finger and E. Carrera Jarrin and A.A. Abdelalim and E. El-khateeb and E. Salama and B. Calpas and M. Kadastik and M. Murumaa and L. Perrini and M. Raidal and A. Tiko and C. Veelken and P. Eerola and J. Pekkanen and M. Voutilainen and J. Härkönen and V. Karimäki and R. Kinnunen and T. Lampén and K. Lassila-Perini and S. Lehti and T. Lindén and P. Luukka and J. Tuominiemi and E. Tuovinen and L. Wendland and J. Talvitie and T. Tuuva and M. Besancon and F. Couderc and M. Dejardin and D. Denegri and B. Fabbro and J.L. Faure and C. Favaro and F. Ferri and S. Ganjour and S. Ghosh and A. Givernaud and P. Gras and G. Hamel de Monchenault and P. Jarry and I. Kucher and E. Locci and M. Machet and J. Malcles and J. Rander and A. Rosowsky and M. Titov and A. Zghiche and A. Abdulsalam and I. Antropov and S. Baffioni and F. Beaudette and P. Busson and L. Cadamuro and E. Chapon and C. Charlot and O. Davignon and R. Granier de Cassagnac and M. Jo and S. Lisniak and P. Miné and M. Nguyen and C. Ochando and G. Ortona and P. Paganini and P. Pigard and S. Regnard and R. Salerno and Y. Sirois and T. Strebler and Y. Yilmaz and A. Zabi and J.-L. Agram and J. Andrea and A. Aubin and D. Bloch and J.-M. Brom and M. Buttignol and E.C. Chabert and N. Chanon and C. Collard and E. Conte and X. Coubez and J.-C. Fontaine and D. Gelé and U. Goerlach and A.-C. Le Bihan and K. Skovpen and P. Van Hove and S. Gadrat and S. Beauceron and C. Bernet and G. Boudoul and E. Bouvier and C.A. Carrillo Montoya and R. Chierici and D. Contardo and B. Courbon and P. Depasse and H. El Mamouni and J. Fan and J. Fay and S. Gascon and M. Gouzevitch and G. Grenier and B. Ille and F. Lagarde and I.B. Laktineh and M. Lethuillier and L. Mirabito and A.L. Pequegnot and S. Perries and A. Popov and D. Sabes and V. Sordini and M. Vander Donckt and P. Verdier and S. Viret and T. Toriashvili and Z. Tsamalaidze and C. Autermann and S. Beranek and L. Feld and A. Heister and M.K. Kiesel and K. Klein and M. Lipinski and A. Ostapchuk and M. Preuten and F. Raupach and S. Schael and C. Schomakers and J.F. Schulte and J. Schulz and T. Verlage and H. Weber and V. Zhukov and A. Albert and M. Brodski and E. Dietz-Laursonn and D. Duchardt and M. Endres and M. Erdmann and S. Erdweg and T. Esch and R. Fischer and A. Güth and M. Hamer and T. Hebbeker and C. Heidemann and K. Hoepfner and S. Knutzen and M. Merschmeyer and A. Meyer and P. Millet and S. Mukherjee and M. Olschewski and K. Padeken and T. Pook and M. Radziej and H. Reithler and M. Rieger and F. Scheuch and L. Sonnenschein and D. Teyssier and S. Thüer and V. Cherepanov and G. Flügge and W. Haj Ahmad and F. Hoehle and B. Kargoll and T. Kress and A. Künsken and J. Lingemann and T. Müller and A. Nehrkorn and A. Nowack and I.M. Nugent and C. Pistone and O. Pooth and A. Stahl and M. Aldaya Martin and C. Asawatangtrakuldee and K. Beernaert and O. Behnke and U. Behrens and A.A. Bin Anuar and K. Borras and A. Campbell and P. Connor and C. Contreras-Campana and F. Costanza and C. Diez Pardos and G. Dolinska and G. Eckerlin and D. Eckstein and E. Eren and E. Gallo and J. Garay Garcia and A. Geiser and A. Gizhko and J.M. Grados Luyando and P. Gunnellini and A. Harb and J. Hauk and M. Hempel and H. Jung and A. Kalogeropoulos and O. Karacheban and M. Kasemann and J. Keaveney and C. Kleinwort and I. Korol and D. Krücker and W. Lange and A. Lelek and J. Leonard and K. Lipka and A. Lobanov and W. Lohmann and R. Mankel and I.-A. Melzer-Pellmann and A.B. Meyer and G. Mittag and J. Mnich and A. Mussgiller and E. Ntomari and D. Pitzl and A. Raspereza and B. Roland and M.Ö. Sahin and P. Saxena and T. Schoerner-Sadenius and C. Seitz and S. Spannagel and N. Stefaniuk and G.P. Van Onsem and R. Walsh and C. Wissing and V. Blobel and M. Centis Vignali and A.R. Draeger and T. Dreyer and E. Garutti and D. Gonzalez and J. Haller and M. Hoffmann and A. Junkes and R. Klanner and R. Kogler and N. Kovalchuk and T. Lapsien and T. Lenz and I. Marchesini and D. Marconi and M. Meyer and M. Niedziela and D. Nowatschin and F. Pantaleo and T. Peiffer and A. Perieanu and J. Poehlsen and C. Sander and C. Scharf and P. Schleper and A. Schmidt and S. Schumann and J. Schwandt and H. Stadie and G. Steinbrück and F.M. Stober and M. Stöver and H. Tholen and D. Troendle and E. Usai and L. Vanelderen and A. Vanhoefer and B. Vormwald and C. Barth and C. Baus and J. Berger and E. Butz and T. Chwalek and F. Colombo and W. De Boer and A. Dierlamm and S. Fink and R. Friese and M. Giffels and A. Gilbert and P. Goldenzweig and D. Haitz and F. Hartmann and S.M. Heindl and U. Husemann and I. Katkov and P. Lobelle Pardo and B. Maier and H. Mildner and M.U. Mozer and Th. Müller and M. Plagge and G. Quast and K. Rabbertz and S. Röcker and F. Roscher and M. Schröder and I. Shvetsov and G. Sieber and H.J. Simonis and R. Ulrich and J. Wagner-Kuhr and S. Wayand and M. Weber and T. Weiler and S. Williamson and C. Wöhrmann and R. Wolf and G. Anagnostou and G. Daskalakis and T. Geralis and V.A. Giakoumopoulou and A. Kyriakis and D. Loukas and I. Topsis-Giotis and S. Kesisoglou and A. Panagiotou and N. Saoulidou and E. Tziaferi and I. Evangelou and G. Flouris and C. Foudas and P. Kokkas and N. Loukas and N. Manthos and I. Papadopoulos and E. Paradas and N. Filipovic and G. Bencze and C. Hajdu and P. Hidas and D. Horvath and F. Sikler and V. Veszpremi and G. Vesztergombi and A.J. Zsigmond and N. Beni and S. Czellar and J. Karancsi and A. Makovec and J. Molnar and Z. Szillasi and M. Bartók and P. Raics and Z.L. Trocsanyi and B. Ujvari and S. Bahinipati and S. Choudhury and P. Mal and K. Mandal and A. Nayak and D.K. Sahoo and N. Sahoo and S.K. Swain and S. Bansal and S.B. Beri and V. Bhatnagar and R. Chawla and U. Bhawandeep and A.K. Kalsi and A. Kaur and M. Kaur and R. Kumar and A. Mehta and M. Mittal and J.B. Singh and G. Walia and Ashok Kumar and A. Bhardwaj and B.C. Choudhary and R.B. Garg and S. Keshri and S. Malhotra and M. Naimuddin and N. Nishu and K. Ranjan and R. Sharma and V. Sharma and R. Bhattacharya and S. Bhattacharya and K. Chatterjee and S. Dey and S. Dutt and S. Dutta and S. Ghosh and N. Majumdar and A. Modak and K. Mondal and S. Mukhopadhyay and S. Nandan and A. Purohit and A. Roy and D. Roy and S. Roy Chowdhury and S. Sarkar and M. Sharan and S. Thakur and P.K. Behera and R. Chudasama and D. Dutta and V. Jha and V. Kumar and A.K. Mohanty and P.K. Netrakanti and L.M. Pant and P. Shukla and A. Topkar and T. Aziz and S. Dugad and G. Kole and B. Mahakud and S. Mitra and G.B. Mohanty and B. Parida and N. Sur and B. Sutar and S. Banerjee and S. Bhowmik and R.K. Dewanjee and S. Ganguly and M. Guchait and Sa. Jain and S. Kumar and M. Maity and G. Majumder and K. Mazumdar and T. Sarkar and N. Wickramage and S. Chauhan and S. Dube and V. Hegde and A. Kapoor and K. Kothekar and A. Rane and S. Sharma and H. Behnamian and S. Chenarani and E. Eskandari Tadavani and S.M. Etesami and A. Fahim and M. Khakzad and M. Mohammadi Najafabadi and M. Naseri and S. Paktinat Mehdiabadi and F. Rezaei Hosseinabadi and B. Safarzadeh and M. Zeinali and M. Felcini and M. Grunewald and M. Abbrescia and C. Calabria and C. Caputo and A. Colaleo and D. Creanza and L. Cristella and N. De Filippis and M. De Palma and L. Fiore and G. Iaselli and G. Maggi and M. Maggi and G. Miniello and S. My and S. Nuzzo and A. Pompili and G. Pugliese and R. Radogna and A. Ranieri and G. Selvaggi and L. Silvestris and R. Venditti and P. Verwilligen and G. Abbiendi and C. Battilana and D. Bonacorsi and S. Braibant-Giacomelli and L. Brigliadori and R. Campanini and P. Capiluppi and A. Castro and F.R. Cavallo and S.S. Chhibra and G. Codispoti and M. Cuffiani and G.M. Dallavalle and F. Fabbri and A. Fanfani and D. Fasanella and P. Giacomelli and C. Grandi and L. Guiducci and S. Marcellini and G. Masetti and A. Montanari and F.L. Navarria and A. Perrotta and A.M. Rossi and T. Rovelli and G.P. Siroli and N. Tosi and S. Albergo and M. Chiorboli and S. Costa and A. Di Mattia and F. Giordano and R. Potenza and A. Tricomi and C. Tuve and G. Barbagli and V. Ciulli and C. Civinini and R. D'Alessandro and E. Focardi and V. Gori and P. Lenzi and M. Meschini and S. Paoletti and G. Sguazzoni and L. Viliani and L. Benussi and S. Bianco and F. Fabbri and D. Piccolo and F. Primavera and V. Calvelli and F. Ferro and M. Lo Vetere and M.R. Monge and E. Robutti and S. Tosi and L. Brianza and M.E. Dinardo and S. Fiorendi and S. Gennai and A. Ghezzi and P. Govoni and M. Malberti and S. Malvezzi and R.A. Manzoni and B. Marzocchi and D. Menasce and L. Moroni and M. Paganoni and D. Pedrini and S. Pigazzini and S. Ragazzi and T. Tabarelli de Fatis and S. Buontempo and N. Cavallo and G. De Nardo and S. Di Guida and M. Esposito and F. Fabozzi and A.O.M. Iorio and G. Lanza and L. Lista and S. Meola and P. Paolucci and C. Sciacca and F. Thyssen and P. Azzi and N. Bacchetta and L. Benato and D. Bisello and A. Boletti and R. Carlin and A. Carvalho Antunes De Oliveira and P. Checchia and M. Dall'Osso and P. De Castro Manzano and T. Dorigo and U. Dosselli and F. Gasparini and U. Gasparini and A. Gozzelino and S. Lacaprara and M. Margoni and A.T. Meneguzzo and J. Pazzini and N. Pozzobon and P. Ronchese and F. Simonetto and E. Torassa and M. Zanetti and P. Zotto and A. Zucchetta and G. Zumerle and A. Braghieri and A. Magnani and P. Montagna and S.P. Ratti and V. Re and C. Riccardi and P. Salvini and I. Vai and P. Vitulo and L. Alunni Solestizi and G.M. Bilei and D. Ciangottini and L. Fanò and P. Lariccia and R. Leonardi and G. Mantovani and M. Menichelli and A. Saha and A. Santocchia and K. Androsov and P. Azzurri and G. Bagliesi and J. Bernardini and T. Boccali and R. Castaldi and M.A. Ciocci and R. Dell'Orso and S. Donato and G. Fedi and A. Giassi and M.T. Grippo and F. Ligabue and T. Lomtadze and L. Martini and A. Messineo and F. Palla and A. Rizzi and A. Savoy-Navarro and P. Spagnolo and R. Tenchini and G. Tonelli and A. Venturi and P.G. Verdini and L. Barone and F. Cavallari and M. Cipriani and G. D'imperio and D. Del Re and M. Diemoz and S. Gelli and E. Longo and F. Margaroli and P. Meridiani and G. Organtini and R. Paramatti and F. Preiato and S. Rahatlou and C. Rovelli and F. Santanastasio and N. Amapane and R. Arcidiacono and S. Argiro and M. Arneodo and N. Bartosik and R. Bellan and C. Biino and N. Cartiglia and F. Cenna and M. Costa and R. Covarelli and A. Degano and N. Demaria and L. Finco and B. Kiani and C. Mariotti and S. Maselli and E. Migliore and V. Monaco and E. Monteil and M.M. Obertino and L. Pacher and N. Pastrone and M. Pelliccioni and G.L. Pinna Angioni and F. Ravera and A. Romero and M. Ruspa and R. Sacchi and K. Shchelina and V. Sola and A. Solano and A. Staiano and P. Traczyk and S. Belforte and M. Casarsa and F. Cossutti and G. Della Ricca and C. La Licata and A. Schizzi and A. Zanetti and D.H. Kim and G.N. Kim and M.S. Kim and S. Lee and S.W. Lee and Y.D. Oh and S. Sekmen and D.C. Son and Y.C. Yang and A. Lee and H. Kim and J.A. Brochero Cifuentes and T.J. Kim and S. Cho and S. Choi and Y. Go and D. Gyun and S. Ha and B. Hong and Y. Jo and Y. Kim and B. Lee and K. Lee and K.S. Lee and S. Lee and J. Lim and S.K. Park and Y. Roh and J. Almond and J. Kim and H. Lee and S.B. Oh and B.C. Radburn-Smith and S.h. Seo and U.K. Yang and H.D. Yoo and G.B. Yu and M. Choi and H. Kim and J.H. Kim and J.S.H. Lee and I.C. Park and G. Ryu and M.S. Ryu and Y. Choi and J. Goh and C. Hwang and J. Lee and I. Yu and V. Dudenas and A. Juodagalvis and J. Vaitkus and I. Ahmed and Z.A. Ibrahim and J.R. Komaragiri and M.A.B. Md Ali and F. Mohamad Idris and W.A.T. Wan Abdullah and M.N. Yusli and Z. Zolkapli and H. Castilla-Valdez and E. De La Cruz-Burelo and I. Heredia-De La Cruz and A. Hernandez-Almada and R. Lopez-Fernandez and R. Magaña Villalba and J. Mejia Guisao and A. Sanchez-Hernandez and S. Carrillo Moreno and C. Oropeza Barrera and F. Vazquez Valencia and S. Carpinteyro and I. Pedraza and H.A. Salazar Ibarguen and C. Uribe Estrada and A. Morelos Pineda and D. Krofcheck and P.H. Butler and A. Ahmad and M. Ahmad and Q. Hassan and H.R. Hoorani and W.A. Khan and M.A. Shah and M. Shoaib and M. Waqas and H. Bialkowska and M. Bluj and B. Boimska and T. Frueboes and M. Górski and M. Kazana and K. Nawrocki and K. Romanowska-Rybinska and M. Szleper and P. Zalewski and K. Bunkowski and A. Byszuk and K. Doroba and A. Kalinowski and M. Konecki and J. Krolikowski and M. Misiura and M. Olszewski and M. Walczak and P. Bargassa and C. Beirão Da Cruz E Silva and A. Di Francesco and P. Faccioli and P.G. Ferreira Parracho and M. Gallinaro and J. Hollar and N. Leonardo and L. Lloret Iglesias and M.V. Nemallapudi and J. Rodrigues Antunes and J. Seixas and O. Toldaiev and D. Vadruccio and J. Varela and P. Vischia and S. Afanasiev and P. Bunin and M. Gavrilenko and I. Golutvin and I. Gorbunov and A. Kamenev and V. Karjavin and A. Lanev and A. Malakhov and V. Matveev and P. Moisenz and V. Palichik and V. Perelygin and S. Shmatov and S. Shulha and N. Skatchkov and V. Smirnov and N. Voytishin and A. Zarubin and L. Chtchipounov and V. Golovtsov and Y. Ivanov and V. Kim and E. Kuznetsova and V. Murzin and V. Oreshkin and V. Sulimov and A. Vorobyev and Yu. Andreev and A. Dermenev and S. Gninenko and N. Golubev and A. Karneyeu and M. Kirsanov and N. Krasnikov and A. Pashenkov and D. Tlisov and A. Toropin and V. Epshteyn and V. Gavrilov and N. Lychkovskaya and V. Popov and I. Pozdnyakov and G. Safronov and A. Spiridonov and M. Toms and E. Vlasov and A. Zhokin and A. Bylinkin and M. Chadeeva and R. Chistov and V. Rusinov and V. Andreev and M. Azarkin and I. Dremin and M. Kirakosyan and A. Leonidov and S.V. Rusakov and A. Terkulov and A. Baskakov and A. Belyaev and E. Boos and M. Dubinin and L. Dudko and A. Ershov and A. Gribushin and V. Klyukhin and O. Kodolova and I. Lokhtin and I. Miagkov and S. Obraztsov and S. Petrushanko and V. Savrin and A. Snigirev and V. Blinov and Y. Skovpen and I. Azhgirey and I. Bayshev and S. Bitioukov and D. Elumakhov and V. Kachanov and A. Kalinin and D. Konstantinov and V. Krychkine and V. Petrov and R. Ryutin and A. Sobol and S. Troshin and N. Tyurin and A. Uzunian and A. Volkov and P. Adzic and P. Cirkovic and D. Devetak and M. Dordevic and J. Milosevic and V. Rekovic and J. Alcaraz Maestre and M. Barrio Luna and E. Calvo and M. Cerrada and M. Chamizo Llatas and N. Colino and B. De La Cruz and A. Delgado Peris and A. Escalante Del Valle and C. Fernandez Bedoya and J.P. Fernández Ramos and J. Flix and M.C. Fouz and P. Garcia-Abia and O. Gonzalez Lopez and S. Goy Lopez and J.M. Hernandez and M.I. Josa and E. Navarro De Martino and A. Pérez-Calero Yzquierdo and J. Puerta Pelayo and A. Quintario Olmeda and I. Redondo and L. Romero and M.S. Soares and J.F. de Trocóniz and M. Missiroli and D. Moran and J. Cuevas and J. Fernandez Menendez and I. Gonzalez Caballero and J.R. González Fernández and E. Palencia Cortezon and S. Sanchez Cruz and I. Suárez Andrés and J.M. Vizan Garcia and I.J. Cabrillo and A. Calderon and J.R. Castiñeiras De Saa and E. Curras and M. Fernandez and J. Garcia-Ferrero and G. Gomez and A. Lopez Virto and J. Marco and C. Martinez Rivero and F. Matorras and J. Piedra Gomez and T. Rodrigo and A. Ruiz-Jimeno and L. Scodellaro and N. Trevisani and I. Vila and R. Vilar Cortabitarte and D. Abbaneo and E. Auffray and G. Auzinger and M. Bachtis and P. Baillon and A.H. Ball and D. Barney and P. Bloch and A. Bocci and A. Bonato and C. Botta and T. Camporesi and R. Castello and M. Cepeda and G. Cerminara and M. D'Alfonso and D. d'Enterria and A. Dabrowski and V. Daponte and A. David and M. De Gruttola and A. De Roeck and E. Di Marco and M. Dobson and B. Dorney and T. du Pree and D. Duggan and M. Dünser and N. Dupont and A. Elliott-Peisert and S. Fartoukh and G. Franzoni and J. Fulcher and W. Funk and D. Gigi and K. Gill and M. Girone and F. Glege and D. Gulhan and S. Gundacker and M. Guthoff and J. Hammer and P. Harris and J. Hegeman and V. Innocente and P. Janot and J. Kieseler and H. Kirschenmann and V. Knünz and A. Kornmayer and M.J. Kortelainen and K. Kousouris and M. Krammer and C. Lange and P. Lecoq and C. Lourenço and M.T. Lucchini and L. Malgeri and M. Mannelli and A. Martelli and F. Meijers and J.A. Merlin and S. Mersi and E. Meschi and F. Moortgat and S. Morovic and M. Mulders and H. Neugebauer and S. Orfanelli and L. Orsini and L. Pape and E. Perez and M. Peruzzi and A. Petrilli and G. Petrucciani and A. Pfeiffer and M. Pierini and A. Racz and T. Reis and G. Rolandi and M. Rovere and M. Ruan and H. Sakulin and J.B. Sauvan and C. Schäfer and C. Schwick and M. Seidel and A. Sharma and P. Silva and P. Sphicas and J. Steggemann and M. Stoye and Y. Takahashi and M. Tosi and D. Treille and A. Triossi and A. Tsirou and V. Veckalns and G.I. Veres and N. Wardle and A. Zagozdzinska and W.D. Zeuner and W. Bertl and K. Deiters and W. Erdmann and R. Horisberger and Q. Ingram and H.C. Kaestli and D. Kotlinski and U. Langenegger and T. Rohe and F. Bachmair and L. Bäni and L. Bianchini and B. Casal and G. Dissertori and M. Dittmar and M. Donegà and C. Grab and C. Heidegger and D. Hits and J. Hoss and G. Kasieczka and P. Lecomte and W. Lustermann and B. Mangano and M. Marionneau and P. Martinez Ruiz del Arbol and M. Masciovecchio and M.T. Meinhard and D. Meister and F. Micheli and P. Musella and F. Nessi-Tedaldi and F. Pandolfi and J. Pata and F. Pauss and G. Perrin and L. Perrozzi and M. Quittnat and M. Rossini and M. Schönenberger and A. Starodumov and V.R. Tavolaro and K. Theofilatos and R. Wallny and T.K. Aarrestad and C. Amsler and L. Caminada and M.F. Canelli and A. De Cosa and C. Galloni and A. Hinzmann and T. Hreus and B. Kilminster and J. Ngadiuba and D. Pinna and G. Rauco and P. Robmann and D. Salerno and Y. Yang and V. Candelise and T.H. Doan and Sh. Jain and R. Khurana and M. Konyushikhin and C.M. Kuo and W. Lin and Y.J. Lu and A. Pozdnyakov and S.S. Yu and Arun Kumar and P. Chang and Y.H. Chang and Y.W. Chang and Y. Chao and K.F. Chen and P.H. Chen and C. Dietz and F. Fiori and W.-S. Hou and Y. Hsiung and Y.F. Liu and R.-S. Lu and M. Miñano Moya and E. Paganis and A. Psallidas and J.f. Tsai and Y.M. Tzeng and B. Asavapibhop and G. Singh and N. Srimanobhas and N. Suwonjandee and S. Cerci and S. Damarseckin and Z.S. Demiroglu and C. Dozen and I. Dumanoglu and S. Girgis and G. Gokbulut and Y. Guler and E. Gurpinar and I. Hos and E.E. Kangal and O. Kara and A. Kayis Topaksu and U. Kiminsu and M. Oglakci and G. Onengut and K. Ozdemir and D. Sunar Cerci and B. Tali and S. Turkcapar and I.S. Zorbakir and C. Zorbilmez and B. Bilin and S. Bilmis and B. Isildak and G. Karapinar and M. Yalvac and M. Zeyrek and E. Gülmez and M. Kaya and O. Kaya and E.A. Yetkin and T. Yetkin and A. Cakir and K. Cankocak and S. Sen and B. Grynyov and L. Levchuk and P. Sorokin and R. Aggleton and F. Ball and L. Beck and J.J. Brooke and D. Burns and E. Clement and D. Cussans and H. Flacher and J. Goldstein and M. Grimes and G.P. Heath and H.F. Heath and J. Jacob and L. Kreczko and C. Lucas and D.M. Newbold and S. Paramesvaran and A. Poll and T. Sakuma and S. Seif El Nasr-storey and D. Smith and V.J. Smith and D. Barducci and A. Belyaev and C. Brew and R.M. Brown and L. Calligaris and D. Cieri and D.J.A. Cockerill and J.A. Coughlan and K. Harder and S. Harper and E. Olaiya and D. Petyt and C.H. Shepherd-Themistocleous and A. Thea and I.R. Tomalin and T. Williams and M. Baber and R. Bainbridge and O. Buchmuller and A. Bundock and D. Burton and S. Casasso and M. Citron and D. Colling and L. Corpe and P. Dauncey and G. Davies and A. De Wit and M. Della Negra and R. Di Maria and P. Dunne and A. Elwood and D. Futyan and Y. Haddad and G. Hall and G. Iles and T. James and R. Lane and C. Laner and R. Lucas and L. Lyons and A.-M. Magnan and S. Malik and L. Mastrolorenzo and J. Nash and A. Nikitenko and J. Pela and B. Penning and M. Pesaresi and D.M. Raymond and A. Richards and A. Rose and C. Seez and S. Summers and A. Tapper and K. Uchida and M. Vazquez Acosta and T. Virdee and J. Wright and S.C. Zenz and J.E. Cole and P.R. Hobson and A. Khan and P. Kyberd and D. Leslie and I.D. Reid and P. Symonds and L. Teodorescu and M. Turner and A. Borzou and K. Call and J. Dittmann and K. Hatakeyama and H. Liu and N. Pastika and O. Charaf and S.I. Cooper and C. Henderson and P. Rumerio and C. West and D. Arcaro and A. Avetisyan and T. Bose and D. Gastler and D. Rankin and C. Richardson and J. Rohlf and L. Sulak and D. Zou and G. Benelli and E. Berry and D. Cutts and A. Garabedian and J. Hakala and U. Heintz and J.M. Hogan and O. Jesus and E. Laird and G. Landsberg and Z. Mao and M. Narain and S. Piperov and S. Sagir and E. Spencer and R. Syarif and R. Breedon and G. Breto and D. Burns and M. Calderon De La Barca Sanchez and S. Chauhan and M. Chertok and J. Conway and R. Conway and P.T. Cox and R. Erbacher and C. Flores and G. Funk and M. Gardner and W. Ko and R. Lander and C. Mclean and M. Mulhearn and D. Pellett and J. Pilot and S. Shalhout and J. Smith and M. Squires and D. Stolp and M. Tripathi and S. Wilbur and R. Yohay and R. Cousins and P. Everaerts and A. Florent and J. Hauser and M. Ignatenko and D. Saltzberg and E. Takasugi and V. Valuev and M. Weber and K. Burt and R. Clare and J. Ellison and J.W. Gary and G. Hanson and J. Heilman and P. Jandir and E. Kennedy and F. Lacroix and O.R. Long and M. Olmedo Negrete and M.I. Paneva and A. Shrinivas and W. Si and H. Wei and S. Wimpenny and B.R. Yates and J.G. Branson and G.B. Cerati and S. Cittolin and M. Derdzinski and R. Gerosa and A. Holzner and D. Klein and V. Krutelyov and J. Letts and I. Macneill and D. Olivito and S. Padhi and M. Pieri and M. Sani and V. Sharma and S. Simon and M. Tadel and A. Vartak and S. Wasserbaech and C. Welke and J. Wood and F. Würthwein and A. Yagil and G. Zevi Della Porta and R. Bhandari and J. Bradmiller-Feld and C. Campagnari and A. Dishaw and V. Dutta and K. Flowers and M. Franco Sevilla and P. Geffert and C. George and F. Golf and L. Gouskos and J. Gran and R. Heller and J. Incandela and N. Mccoll and S.D. Mullin and A. Ovcharova and J. Richman and D. Stuart and I. Suarez and J. Yoo and D. Anderson and A. Apresyan and J. Bendavid and A. Bornheim and J. Bunn and Y. Chen and J. Duarte and J.M. Lawhorn and A. Mott and H.B. Newman and C. Pena and M. Spiropulu and J.R. Vlimant and S. Xie and R.Y. Zhu and M.B. Andrews and V. Azzolini and T. Ferguson and M. Paulini and J. Russ and M. Sun and H. Vogel and I. Vorobiev and J.P. Cumalat and W.T. Ford and F. Jensen and A. Johnson and M. Krohn and T. Mulholland and K. Stenson and S.R. Wagner and J. Alexander and J. Chaves and J. Chu and S. Dittmer and K. Mcdermott and N. Mirman and G. Nicolas Kaufman and J.R. Patterson and A. Rinkevicius and A. Ryd and L. Skinnari and L. Soffi and S.M. Tan and Z. Tao and J. Thom and J. Tucker and P. Wittich and M. Zientek and D. Winn and S. Abdullin and M. Albrow and G. Apollinari and S. Banerjee and L.A.T. Bauerdick and A. Beretvas and J. Berryhill and P.C. Bhat and G. Bolla and K. Burkett and J.N. Butler and H.W.K. Cheung and F. Chlebana and S. Cihangir and M. Cremonesi and V.D. Elvira and I. Fisk and J. Freeman and E. Gottschalk and L. Gray and D. Green and S. Grünendahl and O. Gutsche and D. Hare and R.M. Harris and S. Hasegawa and J. Hirschauer and Z. Hu and B. Jayatilaka and S. Jindariani and M. Johnson and U. Joshi and B. Klima and B. Kreis and S. Lammel and J. Linacre and D. Lincoln and R. Lipton and T. Liu and R. Lopes De Sá and J. Lykken and K. Maeshima and N. Magini and J.M. Marraffino and S. Maruyama and D. Mason and P. McBride and P. Merkel and S. Mrenna and S. Nahn and C. Newman-Holmes and V. O'Dell and K. Pedro and O. Prokofyev and G. Rakness and L. Ristori and E. Sexton-Kennedy and A. Soha and W.J. Spalding and L. Spiegel and S. Stoynev and N. Strobbe and L. Taylor and S. Tkaczyk and N.V. Tran and L. Uplegger and E.W. Vaandering and C. Vernieri and M. Verzocchi and R. Vidal and M. Wang and H.A. Weber and A. Whitbeck and D. Acosta and P. Avery and P. Bortignon and D. Bourilkov and A. Brinkerhoff and A. Carnes and M. Carver and D. Curry and S. Das and R.D. Field and I.K. Furic and J. Konigsberg and A. Korytov and P. Ma and K. Matchev and H. Mei and P. Milenovic and G. Mitselmakher and D. Rank and L. Shchutska and D. Sperka and L. Thomas and J. Wang and S. Wang and J. Yelton and S. Linn and P. Markowitz and G. Martinez and J.L. Rodriguez and A. Ackert and J.R. Adams and T. Adams and A. Askew and S. Bein and B. Diamond and S. Hagopian and V. Hagopian and K.F. Johnson and A. Khatiwada and H. Prosper and A. Santra and M. Weinberg and M.M. Baarmand and V. Bhopatkar and S. Colafranceschi and M. Hohlmann and D. Noonan and T. Roy and F. Yumiceva and M.R. Adams and L. Apanasevich and D. Berry and R.R. Betts and I. Bucinskaite and R. Cavanaugh and O. Evdokimov and L. Gauthier and C.E. Gerber and D.J. Hofman and P. Kurt and C. O'Brien and I.D. Sandoval Gonzalez and P. Turner and N. Varelas and H. Wang and Z. Wu and M. Zakaria and J. Zhang and B. Bilki and W. Clarida and K. Dilsiz and S. Durgut and R.P. Gandrajula and M. Haytmyradov and V. Khristenko and J.-P. Merlo and H. Mermerkaya and A. Mestvirishvili and A. Moeller and J. Nachtman and H. Ogul and Y. Onel and F. Ozok and A. Penzo and C. Snyder and E. Tiras and J. Wetzel and K. Yi and I. Anderson and B. Blumenfeld and A. Cocoros and N. Eminizer and D. Fehling and L. Feng and A.V. Gritsan and P. Maksimovic and M. Osherson and J. Roskes and U. Sarica and M. Swartz and M. Xiao and Y. Xin and C. You and A. Al-bataineh and P. Baringer and A. Bean and S. Boren and J. Bowen and C. Bruner and J. Castle and L. Forthomme and R.P. Kenny III and A. Kropivnitskaya and D. Majumder and W. Mcbrayer and M. Murray and S. Sanders and R. Stringer and J.D. Tapia Takaki and Q. Wang and A. Ivanov and K. Kaadze and S. Khalil and Y. Maravin and A. Mohammadi and L.K. Saini and N. Skhirtladze and S. Toda and F. Rebassoo and D. Wright and C. Anelli and A. Baden and O. Baron and A. Belloni and B. Calvert and S.C. Eno and C. Ferraioli and J.A. Gomez and N.J. Hadley and S. Jabeen and R.G. Kellogg and T. Kolberg and J. Kunkle and Y. Lu and A.C. Mignerey and F. Ricci-Tam and Y.H. Shin and A. Skuja and M.B. Tonjes and S.C. Tonwar and D. Abercrombie and B. Allen and A. Apyan and R. Barbieri and A. Baty and R. Bi and K. Bierwagen and S. Brandt and W. Busza and I.A. Cali and Z. Demiragli and L. Di Matteo and G. Gomez Ceballos and M. Goncharov and D. Hsu and Y. Iiyama and G.M. Innocenti and M. Klute and D. Kovalskyi and K. Krajczar and Y.S. Lai and Y.-J. Lee and A. Levin and P.D. Luckey and A.C. Marini and C. Mcginn and C. Mironov and S. Narayanan and X. Niu and C. Paus and C. Roland and G. Roland and J. Salfeld-Nebgen and G.S.F. Stephans and K. Sumorok and K. Tatar and M. Varma and D. Velicanu and J. Veverka and J. Wang and T.W. Wang and B. Wyslouch and M. Yang and V. Zhukova and A.C. Benvenuti and R.M. Chatterjee and A. Evans and A. Finkel and A. Gude and P. Hansen and S. Kalafut and S.C. Kao and Y. Kubota and Z. Lesko and J. Mans and S. Nourbakhsh and N. Ruckstuhl and R. Rusack and N. Tambe and J. Turkewitz and J.G. Acosta and S. Oliveros and E. Avdeeva and R. Bartek and K. Bloom and D.R. Claes and A. Dominguez and C. Fangmeier and R. Gonzalez Suarez and R. Kamalieddin and I. Kravchenko and A. Malta Rodrigues and F. Meier and J. Monroy and J.E. Siado and G.R. Snow and B. Stieger and M. Alyari and J. Dolen and J. George and A. Godshalk and C. Harrington and I. Iashvili and J. Kaisen and A. Kharchilava and A. Kumar and A. Parker and S. Rappoccio and B. Roozbahani and G. Alverson and E. Barberis and D. Baumgartel and A. Hortiangtham and A. Massironi and D.M. Morse and D. Nash and T. Orimoto and R. Teixeira De Lima and D. Trocino and R.-J. Wang and D. Wood and S. Bhattacharya and K.A. Hahn and A. Kubik and A. Kumar and J.F. Low and N. Mucia and N. Odell and B. Pollack and M.H. Schmitt and K. Sung and M. Trovato and M. Velasco and N. Dev and M. Hildreth and K. Hurtado Anampa and C. Jessop and D.J. Karmgard and N. Kellams and K. Lannon and N. Marinelli and F. Meng and C. Mueller and Y. Musienko and M. Planer and A. Reinsvold and R. Ruchti and G. Smith and S. Taroni and M. Wayne and M. Wolf and A. Woodard and J. Alimena and L. Antonelli and J. Brinson and B. Bylsma and L.S. Durkin and S. Flowers and B. Francis and A. Hart and C. Hill and R. Hughes and W. Ji and B. Liu and W. Luo and D. Puigh and B.L. Winer and H.W. Wulsin and S. Cooperstein and O. Driga and P. Elmer and J. Hardenbrook and P. Hebda and D. Lange and J. Luo and D. Marlow and T. Medvedeva and K. Mei and M. Mooney and J. Olsen and C. Palmer and P. Piroué and D. Stickland and C. Tully and A. Zuranski and S. Malik and A. Barker and V.E. Barnes and S. Folgueras and L. Gutay and M.K. Jha and M. Jones and A.W. Jung and K. Jung and D.H. Miller and N. Neumeister and X. Shi and J. Sun and A. Svyatkovskiy and F. Wang and W. Xie and L. Xu and N. Parashar and J. Stupak and A. Adair and B. Akgun and Z. Chen and K.M. Ecklund and F.J.M. Geurts and M. Guilbaud and W. Li and B. Michlin and M. Northup and B.P. Padley and R. Redjimi and J. Roberts and J. Rorie and Z. Tu and J. Zabel and B. Betchart and A. Bodek and P. de Barbaro and R. Demina and Y.t. Duh and T. Ferbel and M. Galanti and A. Garcia-Bellido and J. Han and O. Hindrichs and A. Khukhunaishvili and K.H. Lo and P. Tan and M. Verzetti and A. Agapitos and J.P. Chou and E. Contreras-Campana and Y. Gershtein and T.A. Gómez Espinosa and E. Halkiadakis and M. Heindl and D. Hidas and E. Hughes and S. Kaplan and R. Kunnawalkam Elayavalli and S. Kyriacou and A. Lath and K. Nash and H. Saka and S. Salur and S. Schnetzer and D. Sheffield and S. Somalwar and R. Stone and S. Thomas and P. Thomassen and M. Walker and M. Foerster and J. Heideman and G. Riley and K. Rose and S. Spanier and K. Thapa and O. Bouhali and A. Celik and M. Dalchenko and M. De Mattia and A. Delgado and S. Dildick and R. Eusebi and J. Gilmore and T. Huang and E. Juska and T. Kamon and R. Mueller and Y. Pakhotin and R. Patel and A. Perloff and L. Perniè and D. Rathjens and A. Rose and A. Safonov and A. Tatarinov and K.A. Ulmer and N. Akchurin and C. Cowden and J. Damgov and F. De Guio and C. Dragoiu and P.R. Dudero and J. Faulkner and S. Kunori and K. Lamichhane and S.W. Lee and T. Libeiro and T. Peltola and S. Undleeb and I. Volobouev and Z. Wang and A.G. Delannoy and S. Greene and A. Gurrola and R. Janjam and W. Johns and C. Maguire and A. Melo and H. Ni and P. Sheldon and S. Tuo and J. Velkovska and Q. Xu and M.W. Arenton and P. Barria and B. Cox and J. Goodell and R. Hirosky and A. Ledovskoy and H. Li and C. Neu and T. Sinthuprasith and X. Sun and Y. Wang and E. Wolfe and F. Xia and C. Clarke and R. Harr and P.E. Karchin and P. Lamichhane and J. Sturdy and D.A. Belknap and S. Dasu and L. Dodd and S. Duric and B. Gomber and M. Grothe and M. Herndon and A. Hervé and P. Klabbers and A. Lanaro and A. Levine and K. Long and R. Loveless and I. Ojalvo and T. Perry and G. Polese and T. Ruggles and A. Savin and N. Smith and W.H. Smith and D. Taylor and N. Woods",
keywords = "CMS, Physics, Heavy ion, Ridge, Correlation, pp",
abstract = "Measurements of two- and multi-particle angular correlations in pp collisions at s=5,7, and 13TeV are presented as a function of charged-particle multiplicity. The data, corresponding to integrated luminosities of 1.0pb−1 (5 TeV), 6.2pb−1 (7 TeV), and 0.7pb−1 (13 TeV), were collected using the CMS detector at the LHC. The second-order (v2) and third-order (v3) azimuthal anisotropy harmonics of unidentified charged particles, as well as v2 of KS0 and Λ/Λ‾ particles, are extracted from long-range two-particle correlations as functions of particle multiplicity and transverse momentum. For high-multiplicity pp events, a mass ordering is observed for the v2 values of charged hadrons (mostly pions), KS0, and Λ/Λ‾, with lighter particle species exhibiting a stronger azimuthal anisotropy signal below pT≈2GeV/c. For 13 TeV data, the v2 signals are also extracted from four- and six-particle correlations for the first time in pp collisions, with comparable magnitude to those from two-particle correlations. These observations are similar to those seen in pPb and PbPb collisions, and support the interpretation of a collective origin for the observed long-range correlations in high-multiplicity pp collisions."
}